3140 5072
568 495 615 542 uu
642 493 807 543 canutus
833 492 928 543 crtus
1225 498 1267 568 7¹

213 643 285 694 tam
300 622 418 712 cupide
433 618 594 708 disputari
612 637 766 708 coeptum
784 636 850 702 est,
866 617 911 684 sic
931 617 1068 684 Tibullo
1088 619 1275 709 assignatae

215 755 294 806 sunt
313 737 481 828 Lygdami
499 736 654 825 Elegiae3
677 736 722 802 sic
739 735 883 824 Vergilio
906 732 1025 818 Culerr,
1044 735 1169 820 Aetna,
1189 735 1275 807 Ciris

214 871 329 942 totque
349 852 427 937 alia,
454 872 601 940 quorum
624 873 746 940 corpus
770 848 930 939 usquein
958 849 1059 917 finem
1078 850 1178 918 medii
1202 852 1274 918 aevi

214 984 352 1034 auctum
366 965 449 1032 adeo
469 986 501 1034 et
520 965 762 1055 amplificatum
778 982 839 1032 est.
855 963 992 1034 Certum
1009 982 1057 1031 est
1077 965 1168 1032 enim
1189 966 1273 1035 Ver·

213 1083 281 1173 gilii
300 1081 463 1149 iuvenalis
486 1080 555 1148 ludi
575 1081 739 1165 libellum,
756 1097 813 1146 aut
828 1080 946 1147 saltem
961 1097 1091 1165 partem
1108 1081 1192 1168 eius,
1206 1104 1274 1148 non

216 1197 318 1264 modo
343 1218 362 1262 a
394 1194 555 1262 Diomede
582 1211 613 1262 et
632 1195 748 1261 Pboca
771 1193 1013 1284 grammaticis,
1047 1195 1104 1261 sed
1130 1195 1231 1263 etiam
1255 1219 1275 1263 a

215 1309 322 1381 Statio
338 1327 370 1378 et
382 1309 543 1396 Martiali,
558 1309 665 1378 immo
678 1332 698 1378 a
714 1311 854 1378 Lucano
869 1309 1038 1399 cognitam
1053 1311 1154 1378 luisse
1168 1316 1193 1388 ¹3
1216 1333 1274 1378 ne-

215 1450 280 1517 que
299 1426 390 1516 apud
407 1425 584 1516 scriptores
596 1425 654 1514 qui
678 1442 929 1510 praecesserunt
953 1426 1055 1492 ullam
1074 1426 1161 1492 illius
1178 1425 1274 1494 libelli

218 1559 348 1610 exstare
377 1540 593 1609 mentionem.
629 1540 763 1609 «Unde
783 1562 850 1606 non
874 1558 997 1607 temere
1019 1541 1176 1626 coniciaS,
1197 1541 1276 1609 dixit

217 1658 268 1725 vir
294 1658 413 1724 doctus
444 1657 496 1724 cui
529 1657 627 1744 plane
659 1656 693 1724 in
716 1657 779 1723 boc
812 1656 1015 1724 assentimur
1039 1655 1066 1741 2,
1090 1657 1275 1746 imperante

217 1771 361 1842 Claudio
385 1771 468 1838 haec
489 1771 652 1860 opuscula
676 1771 707 1838 in
731 1771 839 1838 lucem
858 1793 929 1837 esse
948 1770 1083 1848 emissa,
1100 1789 1131 1838 et
1154 1771 1273 1838 emissa

217 1887 355 1978 quidem
372 1890 516 1974 (mortuo
530 1904 613 1976 puto
628 1887 833 1973 Messallino)
850 1909 890 1954 ex
905 1885 1027 1954 chartis
1048 1886 1081 1953 in
1101 1887 1274 1953 Messalla-

214 2027 292 2073 rum
316 2005 419 2072 domo
440 2004 624 2071 inventis...
652 2003 792 2070 Addidit
814 2022 940 2088 autem,
960 2003 1112 2092 quisquis
1134 2003 1195 2070 fuit
1217 2003 1273 2090 qui
1380 2054 1385 2062 .

214 2139 341 2211 septem
359 2119 420 2188 hos
436 2120 564 2188 libellos
577 2121 642 2188 sub
655 2120 790 2210 Vergilii
813 2120 949 2189 nomine
963 2121 996 2188 in
1010 2142 1117 2188 unum
1130 2120 1272 2210 collegit,

214 2237 249 2305 in
280 2237 344 2302 fine
363 2235 572 2325 epigramma
606 2235 686 2302 illud
722 2235 804 2302 Vale
823 2231 1056 2324 Syracosio?
1086 2233 1165 2322 Quo
1194 2255 1273 2302 cum

215 2369 327 2443 aperte
341 2349 530 2418 indicatum
545 2349 585 2416 sit
597 2349 711 2417 haberi
724 2349 757 2417 in
771 2349 855 2416 libro
868 2350 952 2419 vatis
966 2350 1148 2420 Mantuani
1162 2349 1273 2439 prima

214 2469 380 2535 elementa
401 2466 587 2552 rudemque
611 2464 722 2531 adhuc
744 2464 894 2549 Musam,
917 2465 998 2554 quid
1023 2465 1147 2532 mirum
1170 2481 1219 2530 est
1245 2463 1272 2530 si

214 2584 276 2651 has
306 2583 535 2672 praelusiones
567 2581 680 2648 statim
711 2584 759 2668 lut
789 2581 917 2650 Lucani
945 2583 1136 2672 exemplum
1162 2581 1269 2667 docet)
1362 2588 1364 2592 '

213 2721 330 2767 omnes
357 2697 505 2766 Romani
527 2697 652 2764 creduli
677 2716 889 2787 acceperunt,
920 2716 952 2764 et
977 2697 1123 2766 nominis
1153 2698 1271 2788 Vergi-

214 2814 293 2882 liani
308 2835 423 2881 amore
440 2813 604 2880 occaecati
620 2830 651 2880 et
665 2830 782 2901 poetae
796 2813 1037 2882 adulescentiae
1053 2814 1179 2902 aliquid
1195 2837 1271 2882 con·

211 2925 408 2996 donandum
427 2929 509 2995 rati?
525 2928 615 3016 Quin
634 2928 696 3017 ipsi
716 2929 901 2997 litterarum
915 2929 1028 2996 arbitri
1045 2930 1148 2997 severi
1164 2930 1271 3018 quod,

212 3042 275 3110 nisi
287 3042 327 3110 de
342 3043 404 3110 bac
419 3043 516 3110 illave
534 3042 695 3130 particula
713 3045 762 3130 (ut
781 3041 962 3133 Suetonius
974 3045 1014 3110 de
1030 3047 1141 3112 Aetna
1153 3040 1189 3136 ⁵),
1205 3067 1272 3113 non

212 3158 395 3227 iniecerunt
415 3158 672 3242 dubitationem,
694 3159 772 3226 hinc
786 3160 969 3250 explicatur
986 3188 1016 3230 »,

246 3385 270 3420 1.
287 3369 390 3426 Dium..
417 3386 443 3436 p.
467 3371 516 3420 512
536 3371 592 3432 (Ed.
617 3371 662 3436 K).
688 3371 799 3435 PhocaS,
827 3371 888 3421 Vita
915 3371 996 3436 Verg.
1026 3371 1153 3432 ntetrica,
1178 3386 1203 3419 v.
1228 3369 1271 3434 84.

211 3459 298 3521 Mart,
323 3459 389 3517 V111,
407 3459 449 3518 56,
472 3461 604 3526 193X1V,
624 3459 683 3510 185.
700 3462 781 3524 Stat,
800 3461 981 3524 Prooemium,
996 3459 1042 3510 lib.
1061 3459 1272 3518 l.1d.Silv.‚ll,

212 3565 238 3614 7,
254 3547 297 3614 73.
320 3549 381 3599 Vita
395 3551 562 3600 Suetoniana
577 3551 691 3602 Lucani.
710 3551 790 3616 Retf,
809 3567 836 3617 p.
853 3551 894 3602 50.

242 3653 269 3688 2.
286 3639 317 3688 A.
333 3637 477 3698 Baehrens
494 3639 615 3704 append.
636 3640 730 3706 Verg.‚
747 3655 772 3704 p.
792 3639 832 3692 38.
849 3639 963 3708 Lipsiae,
984 3639 1058 3690 1880.
1148 3677 1151 3682 Δ

242 3753 268 3805 3.
364 3755 429 3804 Vate
443 3755 583 3820 Syracosio
599 3755 646 3820 qui
661 3755 765 3805 dulcior
777 3757 948 3822 Hesiodoque

426 3844 520 3906 Maior,
537 3844 669 3894 Homereo
681 3861 732 3894 non
750 3845 837 3894 minor
852 3862 897 3896 ore
912 3844 970 3909 fuit,

363 3934 438 3983 lllius
455 3933 518 3982 baec
532 3949 640 3999 quoque
652 3945 716 3984 sunt
730 3936 814 3985 divini
830 3936 960 3986 elementa
977 3948 1068 4003 poetae

426 4022 459 4071 Et
471 4023 545 4071 rudis
560 4023 588 4070 in
604 4024 676 4072 vario
688 4025 807 4075 carmine
820 4027 947 4092 Calliope.

239 4155 265 4201 4.
293 4140 348 4186 Aut
372 4139 464 4186 saltem
483 4136 541 4185 eius
555 4137 716 4202 compilator
745 4140 872 4199 Donatus,
893 4158 907 4190 a
925 4159 988 4208 quo,
1007 4143 1028 4190 si
1047 4142 1114 4192 fides
1128 4143 1271 4192 adhibetur

208 4227 371 4292 quibusdam
392 4225 536 4288 codicibus,
553 4224 604 4274 hoc
620 4227 746 4278 traditum
761 4239 800 4278 est
816 4246 822 4278 :
841 4249 853 4276 a
869 4231 981 4297 Scripsit
1002 4231 1082 4281 etiam
1097 4230 1129 4280 dc
1144 4245 1196 4296 qua
1210 4245 1269 4278 anr-

209 4314 311 4380 bigitur
326 4318 450 4366 Aetnam.
465 4330 479 4361 n
