3134 5082
303 521 314 570 Ι
322 517 343 569 2
643 519 691 567 DE
718 517 883 568 extenttNE
909 516 1005 568 ClRlS

294 643 355 714 sibi
368 644 490 736 delegit
501 645 545 712 ad
555 643 768 714 Cretensium
779 664 857 714 cum
867 643 989 713 Atticis
1001 660 1170 713 certamen
1186 643 1354 736 pertinen·

294 779 376 849 tem,
385 761 491 830 immo
499 783 536 829 ex
549 761 797 852 isdem,nempe
808 760 934 830 Minois
943 779 975 830 et
986 759 1184 847 Pandionis,
1194 761 1353 830 domibus

295 900 456 968 personas
472 880 622 966 induxit,
639 898 779 968 uterque
801 878 906 948 nimio
922 880 1094 949 incensam
1114 901 1232 949 amore
1254 878 1351 948 ferni·

296 1014 376 1061 nam
387 994 647 1084 derelictamque
657 994 701 1063 ab
720 1012 835 1064 amato
850 998 923 1065 viro
938 995 1113 1087 expressit,
1126 996 1173 1065 ita
1187 1014 1301 1067 tamen
1316 1015 1353 1067 ut

296 1109 386 1199 apud
402 1111 543 1179 alterum
557 1111 650 1202 virgo
665 1110 705 1179 sit
718 1111 851 1199 Cretici,
866 1113 957 1203 apud
974 1113 1117 1181 alterum
1137 1112 1236 1182 Attici
1250 1135 1352 1204 gene·

296 1223 353 1294 ris.
366 1225 543 1294 Praeterea
554 1242 693 1315 uterque
706 1249 773 1295 non
788 1248 894 1316 aeque
909 1250 1028 1298 omnes
1040 1229 1229 1320 argumenti
1241 1246 1353 1320 partes

295 1338 482 1430 explicavit.
506 1339 659 1409 Catullus
680 1341 783 1428 enim,
797 1361 979 1434 postquam
993 1345 1185 1413 Ariadnam
1204 1345 1352 1435 depinxit

295 1455 330 1524 in
347 1456 442 1525 litore
460 1458 667 1546 destitutam,
683 1478 874 1550 sortemque
887 1484 983 1530 suam
997 1463 1241 1553 deplorantem,
1252 1462 1352 1534 refert

294 1595 363 1664 quo
377 1575 481 1643 modo
495 1594 595 1645 natus
610 1577 652 1644 sit
663 1577 733 1646 eius
747 1599 859 1664 amor,
874 1578 1057 1669 ceterisque
1071 1578 1265 1648 brevissime
1280 1601 1351 1648 me·

294 1691 446 1779 moratis,
463 1692 615 1784 pluribus
633 1693 743 1763 verbis
762 1693 951 1763 orationem
970 1695 1065 1786 fingit
1089 1718 1157 1785 qua
1179 1694 1352 1786 periurum

293 1807 375 1876 diris
388 1807 542 1898 precibus
557 1810 791 1899 prosequitur,
809 1827 980 1900 postremo
997 1811 1079 1902 Egei
1094 1832 1242 1880 errorem
1257 1832 1351 1879 mor·
1446 1821 1451 1828 '

293 1940 427 2016 temque
443 1924 666 1994 miserabilem
687 1942 813 1994 narrat.
831 1924 940 1995 Simili
955 1926 1058 1994 modo
1073 1944 1186 1995 noster
1201 1925 1351 1995 versibus

293 2040 503 2132 paucissimis
523 2042 707 2132 quaedam,
734 2041 903 2132 copiosius
926 2063 1005 2110 vero
1024 2064 1081 2110 eas
1101 2059 1221 2112 tractat
1240 2059 1352 2133 partes

293 2157 481 2248 argumenti
509 2180 596 2248 quae
623 2159 793 2249 elegorum
819 2159 869 2226 vel
898 2157 1089 2248 tragoediae
1116 2158 1228 2249 generi
1253 2159 1349 2250 quasi

293 2271 469 2354 accedunt,
490 2291 526 2342 ut
545 2295 736 2342 sermonem
753 2271 885 2365 Scyllae
904 2294 990 2371 cum
1004 2273 1144 2361 nutrice,
1160 2292 1218 2343 aut
1237 2297 1351 2366 preces

291 2390 414 2482 quibus
424 2392 530 2481 patris
541 2390 749 2458 voluntatem
758 2388 819 2457 sibi
833 2387 1008 2457 conciliare
1019 2407 1172 2459 conatur.
1184 2390 1233 2461 Ut
1243 2389 1352 2459 brevi-

292 2524 341 2576 ter
355 2507 442 2577 facta
459 2522 491 2575 et
505 2528 603 2575 casus
618 2506 843 2598 attinguntur,
860 2505 907 2574 ita
927 2505 1046 2574 Minoa
1061 2522 1131 2575 tam
1146 2506 1220 2576 fuse
1235 2504 1349 2598 Scylla

292 2627 424 2710 incusat
452 2645 554 2714 quam
589 2624 630 2692 de
657 2623 791 2691 Theseo
821 2621 969 2711 queritur
1000 2621 1164 2690 Ariadna.
1195 2622 1350 2713 Denique

291 2743 398 2814 exitus
419 2742 481 2825 rei,
502 2758 538 2809 ut
568 2740 660 2831 apud
690 2739 876 2824 Catullum,
902 2739 982 2806 satis
1005 2739 1118 2828 ample
1149 2739 1348 2828 explicatur,

292 2857 415 2928 scilicet
437 2858 543 2927 Nisus
565 2857 702 2946 eiusque
718 2855 787 2923 filia
805 2855 839 2923 in
859 2877 938 2923 aves
957 2853 1088 2922 mutati.
1119 2854 1238 2944 Itaque
1260 2871 1293 2922 et
1313 2853 1348 2921 in

291 2995 425 3065 summa
440 2973 551 3062 operis
567 2990 600 3042 et
620 2971 654 3040 in
671 2972 743 3061 ipsa
762 2971 961 3040 tractatione
975 2993 1014 3040 ea
1033 2986 1082 3040 est
1098 2969 1294 3058 similitudo,
1314 2988 1351 3040 ut

290 3092 436 3161 dubitari
462 3108 620 3181 nequeat,
645 3090 726 3179 quin
754 3088 918 3180 posterior
942 3087 1148 3178 superiorem
1175 3085 1296 3155 imitari
1317 3102 1349 3154 et

289 3207 451 3280 aemulari
481 3206 542 3277 sibi
573 3205 797 3297 proposuerit.

333 3324 426 3414 Quid
436 3325 528 3416 quod
544 3342 683 3414 uterque
694 3323 814 3392 eodem
826 3345 879 3392 res
893 3321 1037 3392 breviter
1051 3321 1228 3413 colligendi
1245 3321 1350 3390 modo

289 3456 322 3511 et
342 3441 461 3512 eadem
485 3438 582 3531 quasi
605 3439 751 3508 formula
774 3439 901 3506 utitur?
922 3438 1082 3528 Namque
1106 3456 1142 3507 ut
1161 3438 1215 3506 ille
1236 3435 1317 3505 dixit
1338 3457 1345 3504 :

442 3611 514 3663 Tum
528 3613 654 3664 Thetidis
669 3614 761 3665 Peleus
778 3615 908 3666 incensus
919 3614 1003 3666 fertur
1020 3628 1121 3672 amore,

442 3701 514 3752 Tum
532 3702 632 3754 Thetis
645 3703 781 3754 humanos
796 3719 851 3754 non
864 3703 985 3770 despexit
998 3703 1171 3769 hymenaeos.

442 3789 515 3840 Tum
530 3790 639 3842 Thetidi
655 3801 728 3858 pater
742 3792 798 3857 ipse
813 3791 961 3858 iugandum
976 3791 1051 3844 Pelea
1062 3789 1146 3842 sensit
1161 3799 1185 3854 ²3

288 3933 334 4002 ita
356 3932 447 4022 apud
473 3932 563 4002 hunc
589 3950 654 4003 tres
680 3958 810 4022 versus,
824 3935 948 4026 quibus
963 3958 1097 4026 quoque
1118 3951 1350 4004 memorantur

289 4071 341 4117 res
361 4051 574 4142 praeteritae,
589 4055 693 4124 verbo
715 4073 787 4124 turn
808 4057 1002 4148 incipientes
1025 4058 1182 4148 leguntur
1194 4055 1239 4146 (et
1263 4051 1348 4119 aliae

287 4165 454 4235 eiusmodi
474 4167 709 4240 similitudines
725 4172 971 4265 notabuntur):

323 4375 344 4412 t.
361 4361 430 4420 Cat.⁹
448 4361 539 4422 LXIV,
560 4380 599 4431 rq.
