3140 5072
296 484 343 556 42
642 485 690 532 DE
716 483 883 535 CARMINE
909 486 1004 538 ClRlS

295 628 353 678 aut
370 629 414 697 24
428 628 487 678 aut
502 613 557 680 25.
574 611 665 680 Tam
678 611 754 680 laxe
768 612 854 681 inter
868 618 903 681 s'e
916 613 1008 682 iuxta
1021 615 1226 684 collocantur
1237 640 1355 686 versus

297 744 335 795 ut
358 746 528 817 quemque
551 726 618 795 fere
641 749 661 794 a
681 727 834 817 sequenti
858 729 1114 821 interpungendi
1137 731 1233 822 signo
1256 756 1354 824 sepa·

298 863 372 911 rare
404 841 543 933 possis:
573 864 784 932 quanquam,
816 844 843 911 si
871 845 1020 936 singulos
1049 845 1217 936 inspicies,
1252 847 1354 917 verba

296 959 370 1049 ipsa
386 959 547 1028 concinne
568 959 602 1028 in
617 977 776 1049 quattuor
792 961 911 1030 saltem
934 961 1098 1052 proximis
1123 965 1283 1033 collocata
1301 965 1354 1032 iu-

298 1074 437 1143 dicabis.
458 1073 592 1162 Quibus
610 1093 723 1143 tamen
742 1075 807 1144 hoc
825 1075 910 1144 inest
929 1077 1012 1163 vitii,
1028 1078 1119 1166 quod
1139 1077 1278 1147 nimiam
1302 1080 1354 1146 in-

298 1206 349 1259 ter
378 1212 413 1258 se
438 1190 563 1258 habent
585 1191 851 1278 similitudinem,
880 1191 1042 1280 quoniam
1069 1193 1102 1261 in
1128 1216 1355 1284 unoquoque

298 1325 418 1374 eorum
458 1305 592 1374 duobus
627 1306 822 1375 nominibus
856 1307 1074 1376 substantivis
1106 1307 1140 1376 in
1172 1311 1356 1400 posteriore

298 1438 392 1512 parte
411 1420 594 1510 collocatis,
611 1422 658 1491 ita
682 1422 715 1490 in
736 1423 845 1513 priore
864 1424 1067 1513 respondent
1087 1423 1155 1492 duo
1180 1424 1355 1514 adiectiva,

299 1553 337 1605 ut
348 1552 468 1624 quater
481 1536 623 1605 verbum
641 1537 723 1606 haec
737 1537 781 1606 ab
796 1537 861 1606 illis
877 1538 1040 1628 seiungat,
1060 1540 1172 1607 Immo
1186 1561 1252 1607 non
1269 1564 1356 1632 pau-

299 1653 406 1723 ciores
424 1677 528 1745 quam
543 1655 721 1725 duodecim
735 1654 986 1725 coniunctiones
1001 1673 1220 1745 usurpantur,
1234 1658 1358 1727 scilicet

304 1801 319 1835 v
345 1773 386 1859 si,
412 1773 515 1860 unde,
539 1773 708 1863 quamvis,
737 1774 808 1859 sed,
829 1796 907 1842 cum
926 1802 961 1860 v,
989 1791 1026 1841 ut
1051 1774 1359 1864 praetermittamus

304 1916 320 1950 (ι
335 1911 414 1978 que,
431 1905 476 1975 et,
491 1889 602 1977 qualis
617 1917 632 1951 v
651 1906 684 1957 et
702 1888 874 1981 participia
894 1888 1050 1976 «debita,
1068 1888 1262 1959 intexens».
1286 1890 1357 1958 Ac-

233 2101 236 2108 *
301 2005 388 2073 cedit
401 2005 492 2096 quod
508 2004 541 2073 in
558 2027 680 2074 versu:

455 2240 515 2290 Non
532 2239 666 2305 equidem,
682 2239 805 2306 quamvis
819 2239 955 2291 interdum
971 2240 1061 2291 ludere
1074 2241 1163 2303 nobis,

300 2471 431 2545 praeter
446 2453 534 2522 hanc
558 2454 681 2524 frustra
709 2454 885 2545 repetitam
911 2452 1139 2543 negationem,
1160 2475 1217 2521 sex
1237 2454 1358 2523 verbo-

301 2594 377 2640 rum
392 2592 499 2640 unum
519 2587 653 2640 tantum
684 2570 865 2638 «ludere»
888 2569 1063 2660 proprium
1085 2589 1223 2637 sensum
1240 2591 1299 2659 per
1322 2592 1360 2638 se

300 2687 433 2756 habeat.

345 2807 514 2875 Versuum
530 2827 619 2874 nunc
632 2823 737 2874 artem
753 2805 971 2892 intuentibus,
984 2827 1065 2873 sane
1079 2804 1135 2872 illa
1147 2805 1361 2896 apparebunt

303 2943 392 3013 quae
405 2922 475 2991 iam
493 2945 534 2990 ex
547 2920 824 3012 praecedentibus
843 2921 1057 2990 coniecimus.
1081 2922 1136 2990 Ne
1148 2920 1229 3011 quid
1241 2921 1283 2991 de
1295 2923 1359 2990 hoc

302 3039 467 3126 dicamus,
488 3037 578 3129 quod
601 3037 688 3108 Ciris
705 3060 787 3124 non,
804 3060 866 3128 pro
883 3060 977 3107 more
1003 3038 1215 3128 superiorum
1240 3054 1357 3128 poeta-

300 3177 391 3242 rum,
407 3155 552 3222 litteram
561 3151 663 3220 habet
673 3150 707 3219 in
718 3151 784 3219 fine
796 3151 1012 3241 quorundam
1025 3151 1236 3242 dactylorum
1247 3151 1358 3220 subla·

300 3290 387 3360 tam,
401 3290 597 3361 quanquam
610 3292 726 3338 versus
738 3270 919 3338 concinnos
936 3285 967 3338 et
980 3269 1160 3338 verborum
1176 3269 1358 3338 delectu-ac

300 3386 541 3478 compositione
560 3385 710 3476 egregios
736 3406 979 3474 saepenumero
1002 3384 1047 3453 ibi
1066 3384 1222 3475 legimus,
1242 3401 1357 3453 tamen

300 3525 405 3596 genus
420 3482 617 3570 universum'
626 3498 772 3590 perfecta
783 3499 839 3567 illa
850 3499 986 3590 Vergilii
997 3518 1029 3569 et
1041 3499 1156 3571 Ovidii
1171 3517 1240 3569 arte
1250 3501 1357 3591 pluri-

300 3643 398 3693 mum
416 3619 527 3688 distat.
543 3619 681 3686 Praeter
700 3640 739 3686 ea
752 3639 840 3706 quae
858 3641 960 3709 supra
975 3619 1045 3688 iam
1068 3618 1215 3687 diximus
1237 3618 1279 3686 de
1302 3639 1357 3686 ra-

300 3741 389 3810 tione
415 3758 531 3808 versus
557 3734 642 3803 inter
662 3757 696 3803 se
723 3734 947 3826 coniungendi
962 3754 994 3805 et
1008 3735 1199 3827 colligandi,
1218 3735 1287 3825 ipse
1309 3753 1359 3804 est

300 3877 416 3926 versus
431 3851 624 3943 saepissime
638 3853 772 3941 gravior
787 3874 826 3920 ac
844 3853 983 3940 tardior,
997 3870 1111 3944 utpote
1127 3851 1231 3921 nimio
1243 3853 1359 3940 longa·

202 3980 203 3985 ’
300 3996 378 4042 rum
396 3971 605 4064 syllabarum
623 3990 764 4038 numero
789 3970 993 4061 impeditus:
1016 3970 1150 4061 triginta
1163 3969 1232 4036 fere
1251 3967 1360 4057 signa-

301 4090 412 4159 vimus
425 4089 497 4178 qui,
518 4106 650 4182 praeter
664 4090 820 4181 quintum
836 4082 969 4179 pedem,
993 4111 1033 4158 ex
1048 4087 1204 4179 spondeis
1224 4100 1356 4153 tantum

301 4223 470 4295 constant,
483 4206 521 4274 id
534 4221 584 4276 est
598 4227 706 4274 unum
725 4227 765 4272 ex
780 4203 902 4273 vicenis
921 4229 928 4272 :
953 4203 1052 4273 simili
1068 4201 1195 4272 ratione
1213 4221 1295 4269 usus
1309 4213 1359 4266 est

302 4322 455 4394 Catullus
474 4322 508 4391 in
530 4299 765 4413 Epithalamio-
778 4319 880 4389 Pelei.
