3134 5082
622 475 626 488 '
657 487 705 535 na
732 469 898 537 canutus
924 469 1019 537 crtus

527 609 577 660 lile
591 610 671 660 etiam
690 611 793 661 Poenos
805 611 936 662 domitare
951 612 1042 662 leones

461 699 495 750 Et
508 699 609 750 validas
625 699 721 750 doctus
736 699 804 750 vires
819 713 1003 752 mansuescere
1018 699 1107 766 tigres,

462 787 513 838 Ille
526 787 607 840 etiam
609 823 657 839 .....

1076 878 1152 944 (Cin.
1172 879 1240 945 135.)

537 991 587 1043 Ille
599 992 679 1043 etiam
694 1005 784 1042 caecos
800 991 897 1042 instare
911 991 1044 1043 tumultus

333 1091 335 1096 ·
425 1105 426 1114 t
461 1081 544 1145 Saepe
559 1089 651 1130 monet
665 1073 842 1144 fraudemque
858 1091 883 1130 et
894 1089 986 1145 operta
1002 1089 1148 1132 tumescere
1163 1082 1230 1135 bella

461 1169 511 1220 Ille
526 1169 646 1220 etiam...

1019 1259 1136 1327 (Georg.‚
1154 1261 1172 1322 l,
1190 1260 1265 1328 464.)

349 1459 436 1528 Tres
453 1457 555 1527 etiam
574 1457 665 1527 locos
678 1458 730 1527 vel
751 1471 910 1547 quattuor
932 1456 1167 1547 commiscuit3
1186 1480 1263 1528 cum
1286 1459 1366 1530 scri-

306 1572 398 1643 beret
421 1597 429 1642 ε

461 1793 615 1860 Dependent
629 1793 709 1845 liures
718 1803 764 1845 aut
776 1809 854 1846 suave
869 1795 969 1846 rubens
986 1795 1120 1847 narcissus

423 1931 425 1938 ,
459 1886 512 1934 Aut
528 1899 621 1934 crocus
632 1884 733 1934 alterna
746 1884 910 1950 coniungens
921 1883 977 1934 lilia
992 1884 1079 1935 caltha

376 1955 377 1962 ¹
458 1973 608 2040 Sparsaque
620 1969 761 2023 liminibus
775 1971 850 2024 lloret
864 1987 934 2033 rosa,
948 1989 1020 2024 nunc
1037 1989 1093 2041 age,
1106 1974 1197 2039 Divae,

460 2061 601 2127 Praecipue
616 2071 797 2112 nostro-nunc
814 2061 946 2129 adspirate
960 2061 1057 2127 labori,

303 2303 433 2378 praeter
449 2308 519 2375 eos,
543 2307 630 2376 quos
653 2285 722 2355 iant
738 2308 840 2378 supra
860 2285 973 2356 tertiae
997 2303 1029 2356 et
1048 2286 1215 2357 secundae
1232 2286 1367 2358 Bucoli-

303 2425 421 2472 corum
446 2403 591 2494 Eclogae
614 2420 729 2472 versus
756 2403 944 2489 attulimus,
969 2420 1001 2473 et
1027 2401 1090 2471 hoc
1112 2403 1284 2473 Aeneidos
1313 2427 1367 2474 se·

303 2517 403 2589 cundi
421 2517 495 2590 libri
510 2518 720 2610 propositum
737 2517 880 2590 habuit:

610 2741 735 2828 Adspirat
749 2761 837 2828 primo
855 2759 962 2812 fortuna
982 2760 1065 2811 labori
1083 2769 1099 2812 ¹.

329 2979 403 3054 ,Sic'
426 2981 460 3074 in
489 2983 598 3052 tribus
629 2982 679 3051 his
699 2981 786 3052 Ciris
805 2983 965 3070 versibus,
986 3001 1110 3074 quater
1131 2983 1268 3075 Vergilii
1287 3003 1363 3054 ves·

301 3099 381 3194 rigia
393 3102 605 3193 reperiuntur
626 3125 635 3174 t
1337 3118 1340 3124 '

301 3332 391 3384 Dicam
409 3330 533 3400 equidem
550 3331 604 3396 (Α.,
621 3330 665 3394 Vl,
690 3335 749 3396 7²²)
766 3330 949 3399 quoniamque
967 3332 1015 3382 tibi
1034 3349 1087 3384 non
1109 3334 1204 3399 dicere,
1224 3337 1325 3402 nutrix,

301 3421 361 3473 Non
376 3421 454 3480 sinis,
471 3429 622 3470 extremum
638 3417 689 3468 hoc
704 3433 804 3468 munus
819 3418 960 3470 morientis
975 3420 1070 3471 habeto
1087 3423 1136 3487 (B.,
1152 3423 1219 3482 Vlll‚
1238 3424 1283 3488 60)
1299 3441 1305 3476 ε

301 3511 346 3562 llle
357 3511 430 3564 vides
443 3511 493 3573 (aa,
504 3507 548 3572 Vl,
561 3506 623 3573 760)
636 3505 733 3557 nostris
743 3506 789 3573 qui
803 3507 945 3558 moenibus
957 3509 1059 3561 adsidet
1070 3509 1155 3562 hostis
1169 3515 1219 3572 ΙΙΑ..
1229 3513 1275 3577 Xl,
1287 3513 1359 3580 304).

1041 3597 1113 3658 (Cin.
1132 3599 1272 3667 asoti-268.)

348 3804 428 3873 Huc
442 3801 568 3872 accedit
590 3801 681 3892 quod
698 3799 780 3868 alias
798 3821 866 3869 una
880 3816 913 3868 et
936 3799 1121 3891 Vergilium
1135 3818 1166 3871 et
1181 3801 1357 3873 Catullum

298 3939 432 3992 secutus
446 3937 509 4009 est,
524 3921 658 4012 plumas
673 3916 786 3987 avium
802 3917 946 3985 duarum
963 3917 1099 3987 indutus
1112 3921 1280 4009 graculus.

345 4037 385 4106 ln
400 4036 453 4106 his
466 4036 571 4122 enim,

333 4331 354 4366 t.
371 4318 446 4375 Aeta,
460 4314 491 4374 ll,
507 4313 568 4364 385.
