3134 5082
554 495 605 545 nn
631 494 797 546 clauum
824 495 920 548 enus
1223 499 1270 575 29

364 623 463 675 Omnia
480 637 521 674 me
537 622 625 689 potius
639 623 724 712 digna
738 630 817 688 atque
833 623 946 690 indigna
960 625 1093 676 laborum.
1127 669 1130 674 ,

1029 711 1102 778 (cta,
1119 717 1192 780 247.)

366 830 391 881 ls
405 829 520 895 primam
535 837 597 880 ante
611 830 695 881 aciem
711 831 797 898 digua
812 838 892 898 atque
905 831 1020 900 indigna
1035 835 1128 886 relatu.
1155 849 1168 898 ι

842 917 845 922 “
1033 925 1121 988 (Aen,
1139 925 1183 986 lX,
1199 923 1273 992 594.)

367 1033 419 1084 Illa
430 1037 518 1086 aulem
533 1051 542 1086 .·
557 1035 630 1096 Quid
642 1050 691 1099 me,
706 1036 805 1104 inquit,
817 1036 844 1087 io
861 1001 1004 1102 nutricula,
1018 1049 1139 1107 torques.

1065 1123 1235 1196 (Cir.,·257.)'

365 1241 416 1292 Ille
431 1247 520 1294 autem
536 1241 633 1303 :Quid
649 1255 689 1294 me
703 1253 803 1309 erepto.

784 1334 871 1394 (Aen,
884 1331 918 1396 X,
933 1331 1008 1400 877.)

367 1449 463 1501 Dicam
480 1449 610 1515 equidem.
625 1449 811 1517 quoniamque
826 1450 875 1502 tibi
892 1467 947 1501 non
961 1451 1055 1510 dicere,
1074 1452 1173 1503 nutrix.

1105 1543 1183 1609 (Cin,
1199 1545 1271 1611 266.)

367 1651 462 1702 Dicam
478 1649 606 1716 equidem,
622 1660 709 1701 necte
725 1665 894 1717 suspensum,
912 1665 981 1718 nate,
996 1655 1102 1709 tenebo.

989 1743 1077 1808 (Aen,
1094 1745 1138 1808 Vl,
1155 1750 1228 1812 722.)

282 1869 284 1872 ·
366 1857 464 1908 Omnia
478 1857 642 1920 vieitamor3
658 1856 724 1922 quid
738 1855 810 1906 enim
826 1872 881 1906 non
898 1857 1017 1910 vinceret
1031 1859 1094 1912 ille?

993 2033 996 2040 Ι
1045 1949 1212 2018 (Cir·‚437·)

367 2063 466 2114 Omnia
479 2061 561 2114 vincit
575 2077 662 2123 arnor,
677 2072 703 2114 et
720 2076 769 2114 nos
784 2063 912 2115 cedamus
926 2064 1021 2115 amori.

969 2155 1054 2220 (Bne,
1069 2157 1103 2216 X,
1118 2156 1174 2224 69.)

189 2359 193 2368 '
212 2354 329 2445 Quam
348 2354 467 2447 frigida
490 2370 569 2423 sunt
600 2369 632 2422 et
657 2375 762 2444 prope
785 2352 898 2443 inepta
919 2353 1002 2424 haec
1030 2382 1047 2419 α
1073 2357 1154 2448 quid
1180 2361 1273 2431 enim

213 2494 282 2548 non
297 2473 441 2542 vinceret
454 2471 509 2539 ille
526 2499 559 2558 i,
573 2492 660 2560 quae
675 2469 805 2560 integro
820 2492 919 2539 sensu
934 2471 1083 2543 recidas!

257 2587 350 2681 Quid
363 2587 456 2678 quod
470 2609 586 2656 versus
601 2585 670 2654 268
779 2647 786 2666 ,

365 2837 414 2889 Ille
428 2837 520 2902 (vides)
534 2835 634 2888 nostris
647 2835 694 2902 qui
710 2834 853 2919 moenibus
867 2835 971 2890 adsidet
983 2838 1079 2900 hostis,

213 3064 355 3156 sumpsit
370 3060 504 3132 initium
522 3086 561 3132 ex
578 3063 749 3132 Aeneidos
762 3064 846 3134 libro
863 3064 928 3153 vl,
946 3064 1015 3156 760
1037 3155 1038 3162 ἵ

370 3297 415 3347 llle
426 3294 518 3361 (vides)
533 3310 599 3360 pura
613 3294 717 3347 iuvenis
732 3294 779 3362 qui
793 3287 889 3347 nititur
906 3295 992 3361 hasta,
1027 3274 1030 3280 ι

211 3542 244 3595 et
260 3525 360 3594 finem
382 3546 422 3592 ex
437 3521 524 3592 libro
541 3523 607 3610 XI,
625 3522 695 3610 304
714 3546 721 3591 :
777 3599 779 3602 ,
809 3507 813 3518 ’

368 3745 470 3810 Cogere
484 3742 639 3803 concilium,
653 3758 715 3794 curn
732 3758 824 3794 muros
838 3744 942 3796 adsidet
957 3745 1063 3797 hostis?

217 3967 358 4060 Singula
384 3981 465 4034 vero
490 3964 606 4052 verba,
630 3965 789 4056 epitheta,
807 3966 938 4057 'figuras
961 3968 1116 4060 colligere
1135 3931 1275 4058 longum

217 4103 278 4172 est,
302 4071 426 4174 quibus
450 4067 586 4170 Vergilii
623 4067 775 4149 imitatio
797 4082 831 4150 in
856 4081 927 4151 Ciri
958 4067 1135 4174 proditur3
1164 4066 1276 4174 pauca

217 4220 330 4272 tamen
349 4198 493 4289 exempli
521 4197 628 4290 gratia
650 4199 927 4270 memorabimus.
951 4201 1076 4270 Nonne
1097 4223 1137 4270 ex
1157 4203 1276 4270 Maro·

217 4317 319 4385 niano
339 4315 436 4383 horto
454 4314 580 4383 florum
599 4314 682 4385 haec
700 4331 787 4384 serta
802 4315 952 4384 confecta
967 4331 1046 4383 sunt
1065 4340 1072 4384 :
