3134 5082
659 463 708 523 DE
734 461 900 514 CARMINE
925 461 1021 514 ellus

758 587 929 655 Foribusque
942 587 1080 654 hyacinthi

465 677 623 743 Dependent
636 675 715 728 flores
726 689 772 729 aut
784 659 864 728 suave
877 678 976 730 rubens
988 677 1123 728 narcissus

465 769 520 818 Aut
534 781 629 818 crocus
643 765 744 816 alterna
758 766 927 832 coniungens
940 766 996 816 lilia
1011 766 1105 829 caltha,

468 857 618 923 Sparsaque
629 856 771 908 liminibus
787 855 865 909 floret
878 871 939 908 rosa
953 865 970 908 ¹.
1068 859 1073 866 '

312 1052 427 1124 Nemo
443 1075 512 1122 non
530 1052 689 1145 intellegit
703 1051 779 1122 illos
793 1075 908 1122 versus
926 1078 933 1122 :

462 1274 521 1341 lpse
535 1279 619 1341 caput
633 1273 814 1341 tonsaesoliis
824 1279 937 1326 ornatus
951 1272 1046 1327 olivae.

462 1362 551 1414 Saevit
566 1363 645 1429 inops
656 1361 741 1414 animi
763 1369 899 1429 lotamque
914 1362 1023 1414 incensa
1033 1375 1087 1428 per
1098 1361 1187 1414 urbem

463 1451 626 1516 Bacchatur,

308 1681 443 1760 praesto
460 1663 561 1740 luisse
574 1665 636 1734 hos
654 1664 869 1756 componenti
887 1690 894 1733 :

462 1887 590 1938 Pallentis
597 1886 680 1954 solt't's
692 1893 771 1953 caput
786 1895 925 1937 exornarat
939 1887 1035 1937 olivae.

461 1975 557 2028 lnfelix
570 1975 646 2042 virgo
659 1981 717 2028 rota
730 1975 875 2028 bacchatur
888 1975 915 2025 in
933 1975 997 2026 urbe
1010 1975 1036 2026 ²?

305 2201 449 2293 Quoties
472 2216 658 2293 praeterea,
681 2215 719 2268 ut
743 2198 795 2267 vel
816 2198 957 2270 minima
982 2199 1309 2292 animadvertamus,
1330 2204 1364 2273 in

304 2319 457 2398 Aeneide
477 2317 676 2388 invenitur«
694 2314 835 2384 auribus
854 2313 1018 2388 arrectis»
1038 2317 1130 2408 quod
1145 2317 1179 2387 in
1198 2317 1267 2390 Ciri
1283 2322 1364 2412 legi·

280 2503 286 2516 ,
304 2437 407 2506 tur³l
424 2435 502 2521 Hoc
521 2456 600 2506 vero
618 2463 632 2496 t
654 2454 732 2502 aera
750 2449 893 2524 captat»
912 2434 1004 2524 quod
1018 2433 1054 2504 in
1068 2434 1187 2508 eodem
1210 2454 1259 2507 est
1274 2439 1362 2526 loco,

305 2571 344 2622 ex
359 2552 415 2620 illo
430 2547 624 2642 Vergiliano
638 2564 752 2618 ortum
772 2546 904 2648 videtur
919 2572 927 2617 :

689 2765 743 2814 Aut
758 2761 855 2814 bucula
869 2737 972 2814 caelum

457 2853 611 2920 suspiciens
626 2852 724 2919 patulis
737 2853 851 2918 captavit
865 2852 975 2903 naribus
985 2863 1071 2904 auras.

303 3073 440 3166 Nonne,
466 3075 755 3169 quemadmodum
779 3076 814 3144 in
842 3075 911 3145 Ciri
940 3102 957 3140 «
985 3076 1103 3168 gnosia
1126 3078 1253 3170 spicula
1281 3101 1362 3150 arcu

304 3195 463 3269 Partho»
484 3192 747 3282 contenduntur,
768 3190 947 3262 iraeadem
969 3191 1070 3261 verba
1085 3192 1264 3264 coniuncta
1281 3216 1362 3267 sunt

304 3314 338 3384 in
355 3311 539 3382 Bucolicon
553 3309 640 3379 libro
658 3317 668 3379 :'

458 3539 535 3590 Libet
547 3537 644 3588 Partho
656 3545 780 3602 torquere
794 3535 914 3603 Cydonia
926 3551 1011 3587 cornu

457 3629 564 3696 Spicula
582 3628 612 3680 *ἲ

338 3847 363 3882 1.
383 3826 463 3890 Ciris,
479 3826 523 3898 95.
536 3824 581 3878 ef.
599 3825 676 3884 Bur..
689 3825 721 3888 ll,
735 3823 779 3891 46,
796 3823 843 3888 50;
859 3823 902 3886 lll,
920 3821 964 3874 63.

335 3936 360 3972 2.
374 3917 455 3982 Ciris,
473 3915 523 3983 148
537 3927 563 3967 et
577 3914 638 3980 1673
654 3913 773 3980 Georg„
788 3912 831 3974 lll,
845 3927 893 3976 2¹3
909 3914 986 3975 Aen„
999 3911 1045 3977 IV,
1064 3910 1125 3964 300.

334 4009 359 4060 3.
373 4008 450 4071 Aen„
462 4005 482 4066 l,
498 4004 546 4057 152
556 4022 564 4072 ;
579 4005 612 4066 11,
627 4003 692 4067 303;
707 4003 763 4067 xll,
778 4000 846 4068 616;
861 4001 979 4068 Geor-3„
994 4001 1013 4065 1,
1029 3999 1094 4070 376;
1111 3999 1191 4062 Ciris,
1209 4017 1260 4055 210
1276 4021 1283 4056 :

461 4121 563 4168 Auribus
575 4119 668 4166 arrectis
681 4124 791 4162 nocturna
803 4116 892 4162 silentia
902 4123 996 4173 temptat

389 4243 392 4250 ,
460 4203 489 4248 Et
502 4201 588 4260 pressis
598 4207 688 4246 tenuem
701 4197 838 4257 singultibus
850 4209 901 4243 aera
912 4203 1001 4254 captat.

332 4323 358 4375 4.
372 4309 449 4372 Bne,
459 4310 493 4368 x,
511 4308 556 4375 593
570 4307 651 4368 Ciris,
667 4321 729 4374 279·
