3134 5082
556 514 603 560 DE
630 511 796 562 CARMlNE
822 512 917 562 crtus

364 641 492 704 Gaudete,
508 655 524 690 0
540 641 646 699 celeres,
662 640 789 692 subnisae
802 641 919 691 nubibus
931 641 1002 699 attis,

364 730 438 789 Quae
453 744 534 784 marc,
552 745 620 795 quae
632 729 730 780 virides
745 729 826 780 silvas
837 731 965 795 lucosque
979 739 1105 780 sonantes

365 818 492 874 lncolitis,
508 818 620 884 gaudete
634 833 714 884 vagae
729 819 894 885 blandaeque
909 820 1037 883 volucres,

363 906 471 971 Vosque
485 906 582 956 adeo...
601 944 606 955 .
622 915 630 939 ¹

210 1098 290 1145 cum
308 1076 398 1145 idem
417 1094 465 1146 est
480 1079 572 1146 color
587 1076 773 1168 eademque
791 1079 911 1169 figura,
927 1077 1049 1168 quibus
1061 1077 1212 1148 Catullus
1231 1077 1265 1146 in

211 1193 438 1286 Epithalamio
465 1194 555 1263 Pelei
577 1217 659 1280 usus
682 1213 730 1264 est
741 1207 767 1283 2,
787 1213 861 1264 tum
887 1195 988 1265 verba
1012 1195 1148 1286 Vergilii
1172 1223 1188 1258 a
1214 1197 1266 1264 lu·

209 1333 334 1401 cosque
349 1328 507 1380 sonantes
522 1339 537 1374 »
557 1311 784 1402 agnoscimus.

252 1427 347 1496 Haec
375 1426 556 1514 hactenus3
586 1449 653 1495 non
681 1427 750 1495 iarn
776 1426 911 1496 infitiari
940 1427 1049 1518 possis
1076 1425 1168 1496 Ciriu
1198 1447 1266 1494 non

208 1543 310 1612 modo
321 1561 397 1635 post
416 1543 541 1614 Catulli
561 1565 677 1635 opera,
700 1541 759 1611 sed
781 1543 883 1633 etiam
902 1559 978 1634 post
999 1543 1087 1611 edita
1101 1543 1136 1611 in
1148 1541 1268 1632 vulgus

207 1658 321 1729 omnia
335 1658 471 1749 Vergilii
486 1657 646 1750 scriptam
662 1680 745 1726 esse.
767 1656 856 1726 Illud
870 1678 963 1744 vero,
978 1656 1072 1746 quod
1087 1673 1265 1746 utrumque

207 1774 280 1866 pari
304 1774 417 1842 studio
438 1774 626 1842 aemulatus
650 1791 711 1856 est,
732 1773 873 1841 minime
891 1770 1018 1841 mirum
1037 1771 1218 1860 videbitur,
1241 1771 1268 1838 si

207 1907 358 1981 ternpore
385 1911 507 1979 parum
537 1887 581 1957 ab
610 1906 752 1979 utroque
771 1888 908 1957 distanti
927 1888 1065 1974 vixerit3
1090 1909 1210 1978 nempe
1237 1886 1264 1954 si

207 2003 306 2073 fuerit
324 2004 460 2095 Vergilii
480 2004 547 2072 fere
561 2005 725 2093 aequalis,
748 2004 794 2073 ita
808 2004 910 2073 etiam
932 2003 1139 2094 intellegetur
1161 2025 1265 2093 quare

147 2169 149 2174 -
207 2119 422 2210 potissimum
442 2117 623 2188 Bucolicon
639 2119 764 2189 librum
788 2119 937 2189 imitatus
948 2119 1002 2205 sit,
1017 2119 1117 2209 idque
1132 2118 1195 2186 alia
1215 2141 1266 2187 ra·

208 2237 299 2304 tione
309 2253 409 2325 atque
421 2253 529 2304 cetera
537 2234 687 2304 eiusdem
696 2235 857 2303 carmina.
870 2236 922 2303 lta
930 2235 1071 2324 denique
1082 2234 1150 2302 fieri
1159 2249 1267 2323 potest

208 2371 247 2421 ut
261 2353 353 2442 apud
367 2373 446 2420 eum
462 2352 595 2420 nullum
608 2349 721 2420 Ovidii
743 2351 939 2420 imitationis
950 2351 1127 2440 vestigium
1147 2350 1265 2439 depre-

208 2467 386 2536 hendatut.
402 2467 611 2536 Econtrario
622 2467 676 2556 hic
688 2465 792 2536 nostri
804 2489 939 2536 carmen
955 2490 1035 2536 sane
1048 2467 1153 2553 novit,
1165 2483 1265 2558 atque

209 2585 323 2672 etiam,
342 2601 379 2652 ut
392 2590 489 2654 aetite
503 2584 740 2654 animadvertit
764 2586 815 2654 vir
837 2585 1010 2656 iudicio⁴et
1023 2587 1176 2656 doctrina
1195 2586 1264 2654 sin-

208 2699 315 2788 gulari
331 2699 548 2786 clarissimus,
563 2721 641 2768 cum
656 2721 696 2768 eo
711 2716 835 2768 certare
854 2700 972 2788 votuit,
988 2699 1263 2790 quandoquidem

208 2836 248 2882 ea
259 2814 404 2907 amplius
417 2815 643 2906 explicaverit,
654 2838 739 2905 quae
750 2815 783 2883 in
795 2813 864 2884 Ciri
879 2817 1028 2906 neglecta
1042 2834 1133 2903 sunt,
1143 2815 1265 2884 scilicet

209 2932 336 3000 amoris
350 2929 481 3024 Scyllae
500 2913 627 3018 ortum,
643 2932 781 3020 eiusque
795 2954 873 3000 cum
887 2932 1003 3001 Minoe
1022 2932 1168 3023 perfecto
1182 2931 1264 3000 faci-

208 3069 290 3116 nore
304 3069 540 3138 congressum3
552 3047 617 3116 alia
627 3071 707 3117 vero
717 3047 763 3117 ibi
774 3037 941 3140 copiosius
958 3050 1106 3139 exposita
1117 3067 1176 3118 aut
1190 3071 1265 3117 om·

209 3163 290 3231 nino
304 3163 464 3250 omiserit,
477 3182 514 3233 ut
527 3165 662 3233 nutricis
678 3166 949 3256 deprecationem
968 3184 1000 3234 et
1020 3165 1054 3234 in
1074 3164 1266 3234 adiuvando

207 3279 325 3366 fidem,
349 3298 408 3348 aut
425 3281 479 3349 vix
501 3281 766 3369 adumbraverit,
784 3299 820 3350 ut
839 3282 950 3372 capilli
964 3283 1068 3372 erepti
1083 3283 1213 3351 facinus
1234 3297 1267 3350 et

207 3395 318 3484 ipsam
333 3395 436 3486 patris
458 3413 490 3463 et
518 3395 605 3464 filiae
628 3395 662 3465 in
680 3420 758 3465 aves
779 3397 1132 3488 transfigurationem:
1161 3419 1266 3487 quam
1373 3475 1376 3482 ,

208 3517 322 3580 tamen
345 3509 456 3600 potius
476 3510 521 3579 ab
540 3533 580 3580 eo
602 3512 749 3581 enarrari
768 3534 829 3602 par
843 3529 926 3598 erat,
944 3511 1001 3602 qui
1029 3512 1062 3580 in
1087 3534 1186 3604 opere
1207 3533 1266 3580 eo-

209 3626 287 3693 dem
317 3643 366 3694 tot
391 3625 541 3694 eiusdem
561 3627 690 3719 generis
713 3651 810 3697 casus
830 3627 1078 3720 diligentissime
1102 3628 1226 3697 effinxit
1242 3631 1264 3694 ³.

244 3841 266 3876 r.
282 3825 360 3892 Ciris,
378 3825 436 3894 ¹95·

241 3930 265 3965 2.
361 3915 470 3975 Heroes,
488 3916 596 3975 salvete,
613 3916 698 3966 Deum
713 3917 812 3984 genus!
829 3933 844 3968 o
858 3918 928 3968 bona
942 3927 1036 3978 mater,

362 4003 418 4053 Vos
433 4018 482 4068 ego
502 4018 579 4069 saepe
594 4019 663 4062 meo,
678 4020 725 4054 vos
737 4006 855 4056 carmine
868 4007 1043 4072 compellabo,

362 4091 454 4158 Teque
464 4092 529 4143 adeo
541 4092 639 4144 eximie
650 4095 734 4145 taedis
745 4095 868 4147 felicibus
880 4107 956 4147 aucte

365 4182 519 4234 Thessaliae
532 4183 665 4244 columen,
684 4185 773 4235 Peleu.

551 4273 626 4334 (Cat,
642 4274 731 4337 LXlV,
749 4274 791 4324 23.
811 4275 852 4327 Cf.
866 4275 964 4341 Haupt,
978 4277 1088 4338 Quaest.
1110 4276 1211 4337 Calul.)

243 4361 268 4414 3.
285 4363 355 4414 Haec
374 4364 408 4414 ab
424 4363 531 4430 egregio
552 4364 610 4414 viro
636 4365 711 4414 Patin
734 4366 865 4418 subtiliter
888 4383 946 4418 esse
968 4368 1102 4433 disputata
1123 4383 1265 4420 successor

1083 4483 1096 4532 3
