3134 5082
308 491 331 560 ὅ
655 509 703 594 oe
729 508 895 558 cranius
921 507 1018 559 enus

309 635 424 704 Huius
448 651 562 704 autern
585 634 714 726 generis
738 635 888 704 carmina
916 635 1117 726 iampridem
1149 659 1184 705 se
1215 636 1367 728 attigisse

306 753 495 845 profitetur,
512 750 570 841 qui
586 769 618 821 et
631 752 662 820 in
679 751 743 819 illis

1018 937 1075 972 aevi

460 1012 550 1063 Prima
565 1011 717 1062 rudimenta
730 1020 755 1061 et
769 1011 873 1076 primos
887 1012 1012 1076 exegerit
1026 1026 1113 1062 annos
1130 1021 1146 1062 ¹.

305 1211 497 1279 Versiculos
520 1232 654 1300 quoque
674 1209 784 1278 minus
808 1195 940 1278 severos
965 1208 1095 1278 videtur
1118 1212 1366 1301 composuisse,

306 1345 342 1396 ut
356 1351 395 1396 ex
410 1328 460 1396 his
475 1326 675 1418 intellegitur
691 1351 698 1394 :

522 1550 654 1610 Quamvis
667 1550 801 1600 interdum
817 1551 907 1600 ludere
920 1551 999 1601 nobis

459 1637 491 1687 Et
507 1638 630 1704 gracilem
647 1639 722 1688 molli
736 1639 813 1688 liceat
825 1640 891 1704 pede
906 1641 1026 1690 claudere
1040 1654 1151 1690 versum
1169 1647 1187 1690 ².

350 1841 468 1930 Itaque
492 1861 554 1929 pro
573 1856 661 1907 certo
682 1838 877 1907 habendum
898 1856 947 1907 est
970 1839 1056 1908 Ciris
1070 1857 1243 1908 auctorem
1268 1841 1368 1910 fuisse

303 1976 384 2027 natu
415 1957 483 2025 iam
511 1955 747 2047 grandiorem,
772 1954 829 2044 qui
855 1956 1008 2023 nondum
1039 1973 1151 2024 tamen
1181 1957 1225 2024 ad
1254 1979 1367 2025 senec-

303 2090 410 2142 tutem
431 2071 630 2164 pervenerit.
655 2071 704 2140 Ut
718 2071 807 2138 enim
829 2071 927 2162 primi
947 2093 1063 2140 versus
1082 2072 1212 2140 homini
1234 2090 1368 2141 tantum

303 2189 505 2258 conveniunt
529 2185 791 2254 adulescentiam
819 2186 1020 2254 iamdudum
1050 2209 1196 2277 egress0,
1228 2188 1273 2255 ita
1299 2209 1367 2256 non

304 2303 446 2373 senioris
466 2318 515 2369 est
532 2300 708 2369 scientiam
723 2316 865 2369 naturae
881 2324 920 2370 eo
941 2301 1056 2370 animo
1078 2303 1170 2371 adire
1193 2320 1232 2371 ut
1252 2320 1369 2394 postea

303 2421 387 2489 tanti
416 2417 526 2508 operis
549 2439 635 2485 onus
660 2416 832 2506 suscipiat.
857 2418 1000 2486 Athenis
1019 2436 1189 2509 praeterea
1214 2420 1364 2509 philoso-

303 2539 402 2628 phiae
437 2559 506 2606 non
534 2535 579 2604 ita
605 2537 736 2626 pridem
762 2560 796 2604 se
827 2538 983 2607 addicere
1013 2537 1134 2628 coepit,
1163 2559 1224 2606 nec
1250 2555 1363 2606 tamen

303 2672 411 2723 artem
437 2655 593 2739 deseruit,
617 2676 722 2742 quam
745 2676 765 2721 a
790 2655 912 2723 teneris
940 2655 1042 2723 coluit
1068 2655 1161 2724 haud
1180 2654 1362 2723 infeliciter.

307 2770 458 2858 Denique
481 2770 557 2861 quis
580 2769 794 2860 potissimum
815 2771 916 2839 fuerit
936 2770 989 2839 ille
1009 2771 1184 2857 Messalla,
1208 2770 1363 2839 doctissi-

304 2907 382 2953 mus
402 2885 545 2971 iuvenis,
559 2886 613 2954 cui
633 2908 769 2955 carmen
796 2887 837 2955 de
865 2885 978 2977 Scylla
1007 2888 1108 2968 misit,
1126 2903 1200 2956 tum
1225 2889 1364 2957 demum

304 3024 381 3070 vere
400 2983 614 3088 iudicabitur,
638 3022 716 3068 cum
737 3018 885 3093 tempus,
910 3025 979 3092 quo
1011 3003 1172 3093 scriptum
1201 3022 1263 3090 est,
1288 3002 1363 3070 tini-

304 3116 463 3184 verimus.

346 3230 449 3320 Quod
470 3247 582 3299 autem
604 3231 647 3298 ad
667 3249 801 3322 tempus
816 3233 971 3321 pertinet,
987 3232 1068 3300 nihil
1079 3249 1127 3299 est
1148 3233 1238 3302 unde
1254 3232 1362 3300 maio·

301 3349 346 3416 ris
375 3347 536 3416 momenti
565 3365 762 3438 argumenta
787 3348 997 3434 hauriamus,
1023 3371 1129 3438 quam
1157 3372 1196 3416 ex
1228 3348 1363 3442 propria

302 3466 431 3534 ratione
460 3486 527 3554 qua
547 3481 660 3532 noster
681 3466 764 3533 alios
793 3483 909 3555 poetas
937 3465 1085 3534 imitatus
1111 3483 1170 3534 est.
1195 3464 1361 3533 Imitatio-

301 3602 380 3648 nem
396 3581 487 3648 enim
510 3578 658 3670 undique
682 3580 808 3649 redolet
835 3581 898 3649 hoc
919 3602 1068 3663 carmen,
1095 3580 1272 3671 praecipue
1292 3580 1360 3650 Ca-

300 3698 371 3767 tulli
404 3714 435 3765 et
460 3696 618 3789 Vergilii,
648 3720 689 3765 ne
721 3695 915 3766 Lucretium
943 3698 1129 3788 proferam,
1154 3719 1266 3786 aquo
1291 3720 1360 3765 non

301 3837 410 3904 pauca
426 3814 556 3883 videtur
570 3814 765 3904 sumpsisse,
786 3832 817 3882 et
837 3814 920 3882 alios
939 3835 1074 3904 quoque
1089 3831 1215 3882 veteres
1229 3831 1359 3903 poetas,

299 3953 446 4020 quorum
460 3931 615 3999 membra
640 3930 776 4000 disiecta
797 3931 830 3998 in
849 3953 889 3999 eo
911 3931 1050 3999 forsitan
1068 3930 1310 4016 inveniremus,
1333 3931 1360 3998 si

298 4065 469 4116 exstarent
485 4049 583 4137 plura
604 4049 646 4116 P.
662 4045 810 4115 Terentii
827 4046 990 4115 Varronis
1006 4045 1155 4132 Atacini,
1181 4045 1222 4115 C.
1247 4046 1361 4116 Helvii

333 4284 354 4318 1.
370 4267 450 4328 Ciris,
468 4281 512 4331 44.

332 4373 356 4405 2.
373 4358 450 4407 Ciris,
471 4371 508 4422 tu.
