3134 5082
694 870 771 946 DE

348 1052 800 1258 ennnrne
864 1125 1121 1257 ernrs

204 2216 442 2287 Prooemium.
489 2219 585 2310 Quid
633 2219 676 2288 de
715 2231 857 2290 auclore
901 2219 996 2290 Ciris
1033 2243 1055 2290 a
1095 2220 1267 2291 veteribus

249 2332 421 2404 traditum
457 2335 518 2420 sit,
554 2335 711 2429 quidque
739 2359 782 2405 ex
816 2336 889 2427 ipso
922 2337 1075 2406 carmine
1100 2335 1265 2406 didiceri-

250 2473 338 2522 mus.

245 2863 393 2933 Carmen
418 2860 517 2930 Ciris
535 2859 735 2952 inscriptum
760 2883 827 2930 una
851 2882 931 2929 cum
954 2859 1027 2929 aliis
1048 2862 1263 2952 poematibus
1369 2916 1371 2920 -

199 2978 372 3048 nonnullis
386 2995 557 3046 servatum
571 2995 634 3063 est,
651 2977 735 3047 inter
749 3000 784 3046 se
794 2999 927 3068 genere,
947 2977 1139 3067 virtutibus,
1153 2997 1262 3048 aetate

201 3095 303 3164 etiam
319 3093 569 3180 differentibus3
593 3115 680 3184 quae
701 3093 817 3162 omnia
839 3093 1000 3185 Vergilio,
1020 3116 1130 3184 pauca
1148 3113 1261 3165 tamen

200 3214 284 3300 iure,
306 3212 430 3282 tributa
455 3231 547 3281 sunt.
570 3211 830 3281 Vetustissimus
854 3211 917 3279 fuit
947 3211 1031 3280 liber
1051 3234 1134 3301 qu0,
1157 3232 1194 3281 ut
1218 3213 1262 3282 ab

200 3331 335 3400 Donato
352 3349 384 3399 et
405 3328 522 3399 Servio
536 3329 698 3398 traditum
718 3347 781 3415 est,
802 3347 930 3418 septem
946 3328 997 3395 vel
1020 3346 1097 3398 octo
1112 3329 1262 3400 carmina

199 3446 482 3531 continebantur3
510 3444 563 3514 hic
593 3445 718 3514 sensim
744 3444 886 3513 crevisse
910 3461 942 3512 et
969 3445 1003 3512 in
1033 3444 1118 3513 duas
1151 3465 1262 3537 partes

198 3562 330 3630 videtur
351 3561 501 3654 digestus
520 3585 605 3648 esse,
621 3583 766 3651 quarum
784 3562 888 3630 altera
906 3559 1070 3647 Culicem,
1086 3561 1188 3630 altera
1203 3562 1261 3632 Ci-

198 3679 249 3747 rin
279 3678 492 3748 continuerit.
527 3678 623 3765 Inde,
658 3679 692 3747 in
720 3678 903 3769 posteriore
929 3675 1030 3745 medii
1055 3677 1127 3747 aevi
1153 3695 1262 3769 parte,

197 3796 348 3883 collecta,
367 3795 437 3865 sive
458 3793 629 3882 universa,
647 3795 717 3864 sive
737 3794 875 3886 partim,
897 3810 1056 3884 poemata
1080 3794 1148 3881 illa,
1177 3818 1264 3885 quae

199 3911 315 3980 ceteris
341 3910 483 4003 Vergilii
506 3929 563 3980 aut
594 3911 739 3980 aliorum
768 3928 944 4001 poetarum
971 3909 1128 3998 operibus
1150 3910 1264 3980 addita

198 4044 276 4095 sunt
301 4038 322 4093 ยน.

240 4265 265 4301 1.
295 4251 324 4301 ln
357 4250 573 4302 Helmslndtiensi
601 4267 625 4301 n.
654 4250 704 4302 332
726 4254 806 4313 (nunc
832 4248 1048 4314 Guelferbytano)
1066 4246 1199 4314 poemenia
1219 4247 1275 4298 illa'

201 4339 276 4392 inter
289 4339 422 4405 Georgica
437 4340 523 4405 posita
535 4349 599 4391 sunt
614 4350 639 4391 et
663 4339 821 4402 Aeneidem
836 4337 862 4388 in
883 4337 1070 4402 Rhedigerano
1081 4336 1157 4387 Siatii
1179 4335 1265 4386 Silvas
