3140 5072
636 524 819 574 APPENDlX

322 653 382 703 Sive
396 650 475 701 etiam
489 648 564 698 iactis
581 645 695 712 speciem
710 653 810 696 mutata
825 647 933 696 venenis

322 740 415 791 Infelix
429 737 504 803 virgo
520 736 596 803 (quid
611 733 685 785 enim
700 733 871 784 commiserat
885 734 946 784 illa?

321 831 382 895 Ipse
394 813 467 894 pater
479 825 601 876 timidam
615 838 696 874 vacua
709 823 865 888 complexus
879 823 978 873 harena

321 917 485 982 Coniugium
500 925 585 966 castae
600 913 743 964 violaverat
757 912 948 977 Amphitrites;

322 1009 446 1057 Attamen
460 1003 547 1068 exegit
559 1003 641 1068 longo
655 1011 716 1067 post
729 1010 850 1066 tempore
864 1015 972 1066 poenas,

320 1096 363 1160 Ut,
379 1111 440 1145 cum
455 1108 518 1144 cura
532 1092 573 1142 sui
586 1091 727 1141 veheretur
741 1089 865 1154 coniugis
879 1091 941 1152 alto,

321 1186 379 1250 lpsa
392 1194 494 1234 trucem
509 1183 595 1232 multo
611 1181 734 1230 misceret
748 1179 878 1244 sanguine
891 1180 1026 1245 pontum),

320 1275 372 1324 Seu
389 1288 461 1331 vero,
478 1281 508 1321 ut
522 1270 672 1337 perhibent.
688 1268 774 1318 forma
787 1283 848 1317 cum
861 1268 978 1318 vinceret
990 1283 1082 1319 omnes

319 1363 355 1413 Et
369 1361 482 1426 cupidos
497 1369 609 1425 quaestu
625 1358 723 1426 passim
741 1358 879 1424 popularet
892 1366 1023 1424 amantes,

323 1450 472 1502 llorribiles
482 1449 582 1499 circum
597 1447 664 1496 vidit
679 1461 706 1496 se
718 1447 811 1498 sistere
822 1446 922 1498 formas

321 1538 441 1589 Piscibus
457 1546 483 1586 et
494 1535 658 1600 canibusque
674 1535 751 1585 malis
765 1536 860 1586 vallata
877 1546 984 1602 repente
997 1547 1036 1588 est

320 1629 388 1691 (ileu
404 1626 530 1692 quotiens
544 1625 639 1674 mirata
654 1639 737 1674 novos
750 1625 874 1690 expalluit
888 1626 976 1676 artus!

321 1720 379 1784 lpsa
392 1732 455 1766 suos
467 1716 593 1781 quotiens
608 1714 660 1764 heu
674 1713 813 1779 pertimuit
827 1715 938 1765 latratus
947 1714 976 1780 l),

321 1814 391 1862 Ausa
407 1808 479 1874 quod
492 1818 532 1859 est
546 1807 642 1857 mulier
659 1823 760 1857 numen
778 1807 899 1858 fraudare
911 1809 1023 1858 deorum

322 1901 354 1951 Et
366 1900 462 1949 dictam
476 1897 572 1950 Veneri
588 1907 712 1948 votorum
728 1906 843 1947 avertere
856 1912 986 1962 poenam3

320 1988 416 2051 Quam,
433 1988 502 2037 mala
516 1986 659 2052 multiplici
678 1985 807 2036 iuvenum
822 1985 894 2051 quod
910 1996 998 2052 saepta
1012 1996 1113 2038 caterva

322 2078 430 2128 Vixetat
443 2087 523 2142 atque
536 2077 616 2126 modo
631 2077 757 2126 meretrix
772 2076 864 2125 iactata
877 2074 1004 2135 ferarum,

323 2165 453 2216 Infamem
470 2166 515 2217 tali
530 2167 626 2215 merito
642 2180 750 2215 rumore
765 2164 847 2215 fuisse

322 2257 403 2307 Docta
422 2255 588 2320 Palaephatia
602 2265 713 2305 testatur
727 2270 790 2304 voce
802 2269 919 2321 papyrus
934 2276 939 2302 ι

321 2345 462 2412 Quidquid
479 2357 504 2395 et
516 2357 546 2394 ut
561 2348 676 2410 quisque
692 2355 732 2394 est
746 2344 791 2393 tali
807 2345 839 2394 de
850 2345 922 2393 clade
936 2345 1050 2403 locutus,

319 2435 504 2500 Mnemosyne,
518 2433 608 2498 potius
623 2434 699 2484 liceat
715 2443 849 2483 notescere
866 2432 942 2482 Cirin

320 2525 409 2588 Atque
424 2539 504 2572 unam
520 2539 551 2573 ex
564 2523 657 2573 multis
673 2524 787 2589 Scyllam
805 2538 858 2572 non
873 2538 932 2573 esse
948 2522 1057 2588 puellis.

325 2615 416 2674 Quare
431 2629 499 2680 quae
513 2624 606 2664 cantus
622 2614 761 2664 meditanti
777 2612 881 2662 mittere
893 2622 979 2662 certos

321 2704 417 2770 Magna
433 2704 499 2753 mihi
515 2705 612 2770 cupido
629 2706 761 2756 tribuistis
779 2705 904 2768 praemia,
918 2706 994 2756 divae

322 2793 448 2853 Pierides,
461 2809 576 2860 quarum
592 2806 677 2845 castos
691 2795 822 2844 libamina
834 2806 924 2860 postes

320 2885 431 2933 Munere
445 2898 522 2948 saepe
537 2899 598 2933 meo
610 2884 732 2934 inliciunt
744 2885 902 2950 foribusque
914 2884 1051 2952 hyacinthi

318 2972 473 3036 Dependent
487 2972 566 3023 flores
579 2965 625 3023 au't
637 2990 716 3024 suave
728 2974 828 3024 rubens
843 2977 978 3026 narcissus

318 3061 373 3109 Aut
386 3076 479 3111 crocus
494 3062 595 3113 alterna
609 3064 776 3130 coniungens
787 3066 843 3116 lilia
860 3067 945 3116 caltha

324 3150 473 3215 Sparsaque
486 3151 626 3202 liminibus
638 3152 713 3203 floret
728 3170 796 3212 rosa,
813 3171 884 3205 nunc
898 3171 954 3220 age,
969 3155 1054 3214 divae,

321 3237 464 3302 Praecipue
480 3249 572 3298 nostro
588 3257 659 3290 nunc
676 3241 808 3307 adspirate
821 3243 906 3293 labori

320 3331 407 3394 Atque
423 3345 523 3379 novum
540 3341 647 3381 aeterno
662 3332 804 3396 praetexite
819 3333 921 3383 honore
935 3333 1071 3383 volumen.

349 3421 418 3470 Sunt
432 3419 584 3470 Pandioniis
598 3420 703 3471 vicinae
717 3421 826 3471 sedibus
841 3423 921 3473 urbes

320 3511 432 3560 Actaeos
445 3509 515 3558 inter
526 3509 608 3559 colles
622 3519 649 3559 et
660 3510 771 3560 candida
782 3511 880 3580 Thesei

324 3597 467 3663 Purpureis
484 3598 534 3647 late
549 3597 664 3648 ridentia
678 3599 757 3648 litora
771 3599 892 3658 conchis,

320 3687 442 3747 Quarum
461 3702 515 3735 non
531 3687 578 3736 ulli
594 3686 663 3736 fama
676 3687 820 3736 concedere
836 3686 917 3752 digna

320 3780 377 3829 Stat
389 3777 503 3842 Megara,
517 3777 638 3827 Alcathoi
654 3779 791 3843 quondam
807 3778 910 3827 munita
923 3779 1013 3828 labore

319 3865 443 3916 Alcathoi
460 3865 616 3931 Phoebique
632 3883 638 3914 :
656 3865 722 3916 deus
739 3881 856 3931 namque
870 3866 955 3917 adfuit
968 3867 1022 3926 illi;

321 3954 401 4006 Unde
413 3953 493 4004 etiam
508 3954 627 4005 citharae
640 3970 718 4027 voces
731 3955 852 4005 imitatus
865 3965 954 4005 acutas

319 4041 402 4107 Saepe
415 4042 482 4106 lapis
498 4052 616 4108 recrepat
631 4042 752 4108 Cyllenia
764 4057 903 4092 murmura
913 4042 1007 4108 pulsus

320 4133 352 4182 Et
366 4141 481 4182 veterem
497 4131 587 4181 sonitu
606 4131 704 4182 Phoebi
722 4141 832 4181 testatur
845 4147 975 4181 amorem.

319 4222 394 4272 Hanc
408 4222 504 4272 urbem
517 4231 579 4273 ante
592 4223 660 4272 alios
674 4222 721 4288 qui
739 4232 796 4272 tum
812 4221 923 4272 florebat
940 4222 968 4271 in
985 4222 1067 4272 armis

319 4315 425 4364 Fecerat
439 4314 563 4364 infestam
579 4316 720 4380 populator
735 4315 836 4379 remige
851 4315 948 4372 Minos.

319 4404 444 4470 Hospitio
459 4405 531 4470 quod
546 4419 575 4454 se
589 4405 647 4454 Nisi
662 4405 786 4469 Polyidos
800 4404 871 4454 avito
