3134 5082
310 498 359 551 22
651 493 707 543 'DE
733 492 899 576 canullan
925 493 1022 546 crtus

356 623 456 718 Adde
474 623 567 714 quod
590 643 659 692 non
679 645 741 691 sua
759 639 892 693 tantum
915 622 962 693 ita
985 624 1145 714 referunt,
1162 627 1220 696 sed
1242 627 1366 698 aliena.

306 739 602 831 Supervacaneum
627 757 676 808 est
693 762 850 808 versuum
879 739 961 809 fines
983 758 1015 810 et
1038 742 1218 833 particulas
1243 764 1365 812 nume·

306 880 380 926 rare
401 879 499 948 quas,
521 872 686 946 tanquam
707 855 821 946 inopia
840 855 972 948 linguae
987 857 1104 946 coacti,
1122 859 1156 926 in
1176 858 1289 929 medio
1304 858 1381 930 ha·.

307 975 385 1043 bere
406 972 627 1060 videbantur,
655 972 712 1041 sed
743 973 956 1040 memorandi
984 973 1077 1042 locus
1102 992 1152 1044 est
1178 975 1367 1067 Vergilium

309 1114 326 1156 a
342 1111 410 1158 non
426 1088 528 1158 verba
547 1088 632 1175 sola,
651 1105 689 1156 ut
708 1087 754 1156 ait
772 1085 914 1174 Gellius,
937 1087 995 1156 sed
1017 1109 1133 1157 versus
1151 1111 1256 1181 prope
1277 1107 1367 1162 totos

307 1222 340 1275 et
364 1204 456 1272 locos
481 1225 618 1292 quoque
645 1203 791 1272 Lucretii
815 1201 981 1294 plurimos
1009 1221 1173 1274 sectatum
1199 1229 1270 1276 esse
1296 1219 1319 1276 ¹.
1346 1231 1365 1276 n

306 1317 481 1408 Quantam
514 1319 616 1387 etiam
646 1315 780 1408 copiam
811 1319 962 1386 locorum
993 1318 1126 1388 exhibet
1154 1321 1365 1410 Macrobius,

305 1455 392 1524 quos
405 1434 504 1502 Maro
524 1454 562 1501 ex
582 1432 713 1523 scriptis
731 1455 800 1502 non
815 1433 919 1502 modo
937 1432 1052 1520 Ennii,
1068 1436 1128 1504 sed
1143 1437 1263 1506 Lucilii
1277 1460 1366 1528 quo·
1399 1499 1403 1518 ,

304 1571 370 1640 que
394 1565 426 1617 et
450 1547 595 1618 aliorum
624 1548 764 1617 minoris
787 1548 922 1640 ingenii,
948 1549 1082 1638 Naevii,
1109 1551 1216 1641 Furii,
1236 1551 1365 1643 Suevii,

305 1664 474 1734 transtulit
489 1666 514 1732 ²!
535 1665 620 1733 Item
638 1663 756 1734 Lucilii
776 1663 883 1733 frusta
899 1687 966 1733 non
981 1688 1090 1756 pauca
1105 1667 1138 1735 in
1154 1671 1366 1740 sermonibus

307 1781 442 1852 Horatii
461 1796 689 1872 agnoscuntur
704 1777 731 1866 ³3
751 1802 869 1849 rursus
882 1796 996 1849 autem
1015 1781 1160 1852 Ovidius
1173 1785 1242 1852 suis
1256 1786 1365 1856 aliena

306 1896 500 1989 saepissime
540 1895 751 1965 commiscuit
788 1917 970 1986 versusque
1002 1898 1149 1991 integros
1181 1900 1363 1973 identidem

304 2011 439 2082 Catullo
454 2030 485 2080 et
500 2011 638 2080 Tibullo
652 2011 793 2080 detraxit
804 2025 832 2081 4.

348 2128 514 2222 Cognatio
532 2126 633 2218 igitur
657 2127 827 2216 quaedam
846 2144 877 2196 et
901 2149 1014 2196 rerum
1038 2133 1264 2201 communitas
1278 2132 1364 2206 inter

303 2262 420 2337 poetas
429 2241 821 2312 Romanosvideturiam
834 2242 878 2311 ab
888 2241 982 2314 initio
991 2243 1106 2333 fuisse,
1119 2262 1156 2314 ut
1165 2247 1311 2337 aliquem
1323 2270 1363 2316 ex

303 2361 344 2431 iis
367 2361 512 2453 legentes
531 2358 630 2427 etiam
647 2347 782 2428 aliunde
800 2359 957 2428 arcessita
977 2359 1139 2430 noscitare
1164 2363 1361 2455 gauderent,

305 2478 442 2567 eiusque
465 2497 533 2544 non
557 2475 661 2544 modo
686 2474 871 2566 ingenium,
893 2477 949 2545 sed
973 2476 1177 2547 memoriam
1203 2480 1304 2549 etiam
1331 2498 1363 2550 et

305 2597 479 2668 scientiam
491 2595 749 2664 admirarentur.
766 2593 898 2683 Quodsi
909 2596 960 2665 vel
974 2595 1123 2688 optimus
1133 2596 1277 2687 quisque
1287 2597 1364 2666 alie-

307 2713 359 2782 nis
372 2711 494 2804 opibus
511 2710 559 2779 uti
573 2732 640 2779 non
661 2710 909 2802 dedignaretur,
923 2711 1006 2802 quid
1031 2712 1156 2780 mirum
1171 2729 1257 2781 esset
1271 2711 1363 2781 idem

304 2829 452 2898 minores
475 2826 637 2897 audacius
660 2826 789 2914 fecisse,
812 2844 862 2915 ut,
880 2828 1024 2920 exempli
1039 2828 1158 2920 gratia,
1182 2829 1239 2919 qui
1258 2853 1362 2922 opus-

305 2943 418 3014 culum
444 2943 573 3034 Copam
600 2941 743 3034 scripsit,
770 2966 810 3012 ex
834 2940 1007 3035 Georgicis
1034 2944 1112 3031 hoc,
1136 2967 1205 3013 uno
1228 2961 1361 3016 mutato

305 3061 422 3150 verbo,
441 3059 553 3128 hausit
578 3083 586 3128 :

460 3255 539 3308 Nunc
555 3265 633 3307 cantu
646 3256 739 3308 erebro
756 3265 887 3323 rumpunt
900 3258 1009 3310 arbusta
1022 3257 1125 3310 cicadae
1139 3261 1158 3309 ὓ.

306 3429 381 3496 lam
399 3447 480 3496 vero
499 3446 561 3495 nos
582 3425 625 3494 ad
639 3425 849 3516 propositum
863 3427 1053 3497 redeamus.
1077 3425 1113 3498 Si
1132 3426 1194 3498 ista
1215 3449 1278 3497 nos
1304 3428 1358 3501 fu·

338 3659 607 3725 anme

335 3765 363 3799 2.
380 3749 471 3807 Maca..
489 3749 520 3800 S.
536 3749 581 3813 Vl,
600 3764 622 3810 r,
636 3748 670 3817 37
684 3759 711 3800 et
725 3749 751 3810 5,
769 3750 810 3800 15.

335 3839 361 3890 3.
387 3838 505 3905 Herwig‚
528 3837 618 3896 Halae,
642 3837 719 3904 1873.
743 3838 815 3890 Hor.
829 3842 958 3904 quatenus
980 3844 1050 3890 recte
1067 3837 1101 3889 de
1124 3837 1229 3890 Lucilio
1252 3837 1360 3890 iudica-

301 3929 378 3981 verit.
723 3958 731 3972 ·

331 4033 358 4082 4.
375 4020 406 4069 A.
420 4017 551 4086 Zingerle.
567 4019 689 4080 Ovidius,
704 4034 773 4085 pars.
788 4021 808 4071 l.

334 4107 358 4158 5.
372 4107 457 4173 Copa,
476 4122 524 4173 273
541 4107 647 4173 G.,111‚
665 4107 715 4158 328
736 4126 743 4160 :

461 4232 488 4276 Et
500 4238 568 4277 cantu
582 4235 688 4290 querulae
700 4239 805 4289 rumpent
818 4233 910 4278 arbusta
919 4231 1018 4279 cicadae.

302 4339 343 4390 Cf.
362 4341 445 4405 Copa,
464 4337 505 4403 35,
521 4350 546 4390 et
560 4341 637 4399 Aen..
653 4341 698 4402 VI,
716 4339 766 4392 213
783 4338 873 4404 (cineri
887 4339 1011 4407 ingrato).

1546 1119 1550 1224 l
