3134 5082
540 485 589 532 na
615 483 782 534 caremus
808 483 904 533 crnrs
1227 462 1250 534 ¹3

192 629 377 702 utcumque
390 609 882 700 insistentibusmequetamen
893 608 989 700 parvi
1000 597 1253 680 suntmomenti

190 749 244 795 res
263 750 339 796 vere
366 725 636 814 aestimantibus,
654 748 733 795 cum
752 725 934 794 exercitum
953 725 980 793 si
999 724 1082 794 velis
1105 727 1252 814 novisse,

192 864 260 910 non
281 843 360 910 satis
379 842 421 910 sit
436 863 597 931 quaerere
616 842 674 931 qui
697 841 820 910 fuerint
839 842 954 927 duces,
974 842 1032 909 sed
1059 843 1175 932 quales
1189 840 1252 931 ipsi

192 958 328 1043 milites,
345 980 453 1047 neque
475 958 612 1026 illorum
629 957 762 1026 laudem
790 979 857 1025 non
878 958 978 1048 plane
993 957 1101 1047 possis
1121 957 1252 1049 perspi-

190 1096 277 1159 cere,
293 1073 355 1142 nisi
371 1074 495 1142 horum
509 1096 644 1163 quoque
666 1073 771 1142 robur
789 1090 821 1142 et
834 1073 992 1142 virtutem
1010 1073 1154 1142 noveris.

236 1189 323 1260 Ciris
342 1205 456 1257 autem
478 1189 625 1258 maxime
640 1210 720 1257 cum
738 1207 876 1279 propter
893 1210 1072 1257 numerum
1091 1209 1250 1258 versuum

190 1323 264 1376 tum
297 1325 434 1396 propter
471 1306 713 1375 sententiarum
748 1305 948 1396 gravitatem
981 1324 1012 1372 et
1048 1304 1252 1395 singularem

190 1420 367 1510 quandam
392 1421 537 1490 aliorum
559 1438 736 1512 poetarum
760 1420 883 1511 scripta
911 1419 1063 1488 imitandi
1087 1421 1251 1490 rationem

191 1538 294 1629 digna
317 1556 366 1605 est
387 1561 475 1628 quae
497 1560 566 1606 non
590 1539 784 1629 neglegatur
808 1537 851 1606 ab
882 1537 1075 1606 hominibus
1099 1556 1250 1608 veterum

191 1655 378 1723 litterarum
392 1654 561 1723 studiosis,

237 1771 341 1860 Igitur
360 1770 435 1860 quis
454 1792 530 1839 eam
555 1770 794 1860 composuerit,
815 1792 893 1838 cum
917 1770 958 1839 sit
982 1770 1093 1838 adhuc
1116 1770 1179 1839 sub
1202 1771 1252 1839 iu-

191 1886 277 1974 dice,
293 1886 391 1954 nobis
407 1908 543 1976 quoque
568 1886 664 1955 licere
688 1887 883 1977 putavimus
908 1886 1086 1976 indagare3
1102 1905 1148 1972 et,
1172 1908 1251 1954 cum

190 2001 303 2092 ipsum
333 2023 419 2090 opus
449 2023 469 2068 a
495 2001 695 2069 doctissimis
723 2001 860 2092 Vergilii
894 2001 1079 2070 editoribus
1113 2023 1251 2070 summa

192 2138 272 2185 cura
302 2139 411 2206 nuper
440 2138 643 2208 perpensum
672 2136 705 2187 et
730 2133 918 2186 correctum
945 2118 999 2206 sit,
1029 2141 1150 2209 operae
1175 2140 1253 2209 pre-

192 2233 278 2302 tium
302 2231 372 2301 fore
400 2233 604 2302 arbitramur
627 2235 668 2302 de
692 2233 839 2304 carmine
866 2234 1036 2325 disputare
1061 2234 1168 2323 quod,
1193 2233 1253 2302 etsi

193 2350 330 2441 optimis
355 2350 515 2442 operibus
537 2349 744 2439 antiquitatis
771 2371 838 2418 non
865 2368 914 2418 est
942 2351 1252 2438 adnumerandum,

192 2482 307 2536 tamen
322 2486 432 2533 unum
448 2482 497 2533 est
516 2457 648 2548 eorum,
668 2486 756 2553 quae
775 2481 807 2532 et
826 2484 884 2554 per
900 2486 935 2531 se
955 2465 1088 2534 laudem
1104 2467 1254 2556 aliquam

192 2599 380 2670 merentur,
400 2600 432 2651 et
450 2604 512 2649 nos
538 2580 659 2649 docent
682 2580 797 2670 quales
821 2579 945 2648 fuerint
962 2580 1053 2671 apud
1076 2581 1252 2649 Romanos

192 2704 338 2794 Augusti
357 2721 509 2793 tempore
524 2701 639 2792 lingua
653 2718 686 2772 et
703 2701 841 2770 litterae.

236 2819 383 2889 Carmen
413 2817 514 2904 Ciris,
545 2817 635 2908 typis
661 2815 810 2906 primum
841 2838 932 2884 anno
964 2814 1184 2884 MCDLXXI
1216 2813 1251 2882 in

192 2935 334 3004 editione
355 2935 514 3001 Romana
539 2934 644 3002 altera
667 2953 875 3023 expressum,
905 2930 1039 2999 nonnisi
1063 2929 1097 2999 in
1117 2929 1252 3020 paucis-

195 3050 287 3120 simis
312 3050 484 3119 codicibus
511 3065 682 3117 servatum
707 3067 770 3135 est,
796 3070 942 3138 quorum
967 3039 1035 3114 fere
1060 3046 1173 3113 nullus
1198 3062 1253 3136 ty-

194 3185 317 3257 porum
335 3165 527 3235 inventione
551 3163 712 3234 vetustior
739 3179 801 3251 est,
828 3163 980 3231 nonnulli
1004 3179 1119 3230 autem
1138 3183 1252 3230 recen-

193 3283 293 3352 tiores
312 3300 334 3352 ¹.

236 3398 395 3488 Quorum
414 3400 580 3468 librorum
602 3396 875 3486 inscriptionibus
899 3393 1094 3464 addendum
1109 3412 1158 3463 est
1177 3412 1252 3463 tan-

192 3532 265 3583 tum
282 3516 408 3584 Donati
423 3532 455 3585 et
471 3513 578 3584 Servii
593 3513 837 3600 testimonium,
863 3534 1008 3602 quorum
1024 3513 1077 3580 ille
1091 3512 1185 3581 Cirin
1202 3513 1253 3580 in-

192 3650 242 3700 ter
269 3632 380 3720 prima
406 3630 627 3700 adulescentis
651 3628 788 3719 Vergilii
818 3650 919 3722 opera
944 3628 1059 3696 laudat
1082 3638 1108 3714 ²,
1137 3627 1190 3696 hic
1218 3628 1251 3695 in

262 3759 264 3766 r
358 3745 372 3794 t

230 3898 252 3932 r.
272 3879 478 3946 Rhedigeranus
500 3879 596 3929 saeculi
616 3886 655 3928 est
669 3893 715 3928 xtrr
737 3878 779 3928 vel
799 3891 852 3935 xrv⁴
869 3875 1066 3926 Arundelianus
1090 3872 1175 3924 Musei
1191 3873 1253 3922 Bri-—

195 3971 295 4022 tannici
319 3970 367 4021 133
385 3985 451 4021 saec.
476 3986 518 4028 xv,
541 3969 684 4020 Vaticanus
701 3967 768 4018 3255
786 3981 853 4018 saec.
877 3983 918 4024 xv,
942 3962 1176 4017 Helmstadtiensis
1191 3961 1254 4010 anni

195 4068 384 4130 MCllLXXIV,
400 4065 591 4117 Adalbertinus
602 4081 669 4116 saec.
680 4077 732 4126 xvr,
747 4062 923 4112 Brucellensis
938 4076 1004 4111 saec.
1016 4075 1053 4110 xn
1067 4054 1138 4108 iinde
1152 4070 1255 4106 averso

194 4157 267 4223 4581.
283 4157 323 4210 Cf.
342 4159 375 4208 Ο.
389 4157 520 4218 Ribbeck,
538 4155 684 4222 Appendix
709 4152 878 4219 Vergiliana,
892 4152 1004 4216 proleg,
1017 4165 1040 4199 c.
1059 4163 1101 4211 nr3
1119 4148 1149 4197 Α.
1165 4144 1254 4194 Baeh=

88 4311 91 4320 1
196 4261 266 4305 rens,
282 4247 384 4298 Poetae
397 4246 444 4296 lat.
458 4245 531 4303 min„
546 4255 565 4294 t.
582 4244 612 4306 11,
629 4259 654 4308 p.
672 4259 712 4308 ¹7·

228 4352 253 4385 a.
272 4333 471 4396 Reifferscheid,
489 4334 572 4394 Suel„
592 4331 707 4397 Lipsiae,
726 4329 799 4390 rsno,
816 4345 841 4393 p.
856 4328 897 4378 58.
