3134 5082
314 524 357 575 10
660 525 709 574 DE
733 524 897 574 CARMlNE
923 523 1019 574 clnts

309 650 444 720 Moreto
472 652 642 744 Vergilius
672 665 700 736 1;
730 669 761 721 et
788 653 844 721 alii
869 655 976 744 graeci
1008 671 1129 744 poetae
1158 655 1187 723 ei
1218 655 1368 746 prolecto

308 769 471 858 propositi
496 786 589 857 sunt,
614 792 762 859 quorum
784 793 851 838 non
876 792 1003 861 paucos
1022 771 1143 839 similia
1167 789 1367 864 argumenta

308 885 502 956 tractavisse
527 885 730 977 accepimus.
759 887 855 955 Idem
882 887 972 954 enim
993 886 1196 956 Parthenius
1215 888 1366 956 fabulam

307 1019 552 1071 commemorat
571 1002 718 1070 Pisidiae
745 1001 1014 1093 Methymnensis
1038 1024 1156 1092 quam,
1183 1021 1367 1094 postquam

307 1138 423 1185 amore
449 1117 565 1186 furens
601 1117 745 1208 patriam
773 1118 898 1186 Achilli
929 1117 1080 1205 tradidit,
1113 1099 1281 1208 lapidibus
1315 1120 1367 1188 ille

305 1232 400 1302 iussit
427 1233 583 1324 opprimi.
617 1230 777 1301 Similiter
808 1231 924 1301 Croesi
957 1232 1061 1300 filiam
1095 1232 1248 1301 Nadhim
1272 1232 1364 1324 Cyro

307 1345 423 1416 Sardis
456 1348 641 1439 prodidisse
682 1348 880 1438 Licymnius
911 1347 1017 1416 Chius
1052 1367 1084 1416 et
1117 1349 1366 1419 Hermesianax

307 1467 520 1534 rettulerunt.
557 1465 597 1532 In
625 1464 698 1554 ipsa
729 1463 798 1532 Ciri
831 1461 1002 1555 praeterea
1035 1464 1203 1532 nominari
1237 1465 1368 1534 videtur

308 1582 536 1672 Palaephatus
566 1577 724 1669 quidam,
753 1577 795 1646 de
823 1601 893 1668 quo
925 1578 1007 1646 nihil
1038 1579 1118 1646 certi
1150 1579 1259 1647 afferri
1286 1589 1366 1670 pos-

307 1696 363 1782 sit,
377 1694 540 1784 quoniam
560 1711 593 1762 et
612 1693 756 1779 libellus,
781 1692 834 1761 cui
853 1693 916 1761 hoc
937 1714 1064 1760 nomen
1081 1692 1288 1783 adscriptum
1303 1712 1366 1782 est,

306 1812 386 1881 nihil
408 1811 449 1878 de
471 1808 557 1878 Ciris
581 1807 697 1876 fabula
721 1807 880 1893 continet,
908 1824 939 1875 et
963 1806 1154 1875 coniectura
1177 1823 1310 1876 tantum
1331 1808 1365 1876 id

306 1927 340 1996 in
363 1948 498 1996 versum
514 1925 702 1994 admissum
716 1940 779 2009 est,
800 1924 857 2013 qui
879 1923 925 1991 ita
945 1923 1066 2014 legitur
1086 1923 1120 1992 in
1145 1923 1236 1993 libris
1259 1945 1364 1993 manu

305 2042 436 2132 scriptis
449 2042 608 2111 omnibus
625 2063 632 2107 :

305 2237 388 2288 Docta
399 2237 573 2303 palepaphiae
587 2235 764 2303 (palepaphie)
780 2243 892 2285 testatur
906 2248 972 2285 voce
983 2233 1116 2299 pachinus
1131 2234 1335 2300 ²(pachinnus).

347 2407 450 2498 Quod
461 2409 505 2476 ad
515 2407 647 2498 singula
659 2406 789 2493 attinet,
800 2404 881 2496 quid
889 2405 1015 2474 mirum
1024 2404 1051 2473 si
1060 2404 1173 2474 inCiri
1185 2405 1281 2495 quasi
1295 2427 1366 2474 ves-

303 2525 381 2617 tigia
395 2523 569 2616 Apollonii
586 2523 789 2610 invenimus,
802 2521 896 2592 cuius
912 2522 1054 2591 Medeae
1070 2521 1195 2591 Catulli
1211 2521 1365 2590 Ariadna

305 2660 337 2711 et
363 2642 519 2710 Maronis
546 2639 635 2709 Dido
662 2640 817 2709 aemulae
843 2639 942 2707 sunt?
970 2639 1009 2706 In
1037 2638 1118 2708 locis
1142 2655 1255 2707 autem
1276 2660 1364 2707 non-

305 2759 405 2828 nullis
431 2780 499 2827 non
522 2759 626 2827 modo
649 2756 737 2826 illius
757 2755 955 2842 imitatores,
975 2754 1034 2823 sed
1061 2771 1094 2823 et
1117 2755 1230 2845 ipsum
1250 2770 1366 2823 noster

303 2875 436 2943 videtur
458 2892 591 2944 secutus
614 2897 685 2944 esse
710 2899 718 2943 ι
742 2874 789 2942 ita
812 2873 846 2941 in
869 2871 1125 2963 Argonauticon
1144 2872 1230 2941 libro
1251 2871 1365 2957 terti0,

305 2991 391 3058 Eros
415 2992 537 3060 dicitur
559 2991 660 3059 matri
675 3012 756 3059 suae
784 3012 881 3080 aegre
901 2988 1050 3074 obedire,
1079 3010 1157 3057 cum
1184 2987 1306 3056 Iunoni
1330 3002 1363 3056 et

301 3105 478 3174 Minervae
498 3106 549 3174 his
565 3105 676 3175 verbis
690 3106 870 3196 respondet
884 3106 1002 3174 Venus
1019 3131 1026 3173 :

460 3301 550 3387 Ἥρη,
564 3305 698 3381 Ἀθηνάῑη
717 3327 760 3381 τε,
775 3305 883 3366 πίθοιτό
895 3326 942 3365 κεν
957 3303 1027 3381 lippi
1043 3303 1168 3380 μάλιστα

461 3427 479 3499 ἢ
496 3422 557 3499 ἐμοί
566 3463 733 3484 .........
754 3420 841 3502 αὐτὰρ
857 3420 935 3498 ἐμεῖο

462 3538 511 3600 οὐκ
522 3538 628 3615 tosta,
645 3538 725 3615 μαλὰ
740 3537 823 3598 δ’ἀιὲν
838 3537 1003 3618 ἐριδμαίνων
1019 3536 1150 3618 ἀθερίζει.

338 3751 360 3785 t
376 3736 409 3785 Ο.
426 3733 557 3797 Ribbeck,
574 3732 722 3798 Appendix
740 3733 834 3798 Verg.
855 3748 880 3798 p.
904 3747 944 3797 ¹4·

333 3839 357 3872 2
372 3823 451 3880 Ciris,
464 3823 509 3876 88.
524 3825 552 3873 ln
568 3823 673 3873 hbn
646 3829 699 3891 pt
715 3823 771 3871 ατί
759 3842 817 3871 τω
807 3838 892 3889 cap.
906 3839 936 3874 21
954 3824 1011 3884 (Ed.
1031 3823 1050 3874 l
1073 3824 1106 3874 F
1122 3823 1242 3883 Fischer,
1262 3823 1336 3889 Lips.
1353 3839 1368 3876 a

302 3910 513 3970 MDCCLXXlX)
528 3912 580 3962 hoc
593 3922 698 3962 tantum
713 3912 826 3962 relatum
838 3922 878 3962 est
878 3913 1012 3980 ,Scyllam
1026 3921 1178 3963 monstrum
1190 3915 1316 3966 muliebri
1327 3931 1369 3967 su·

301 4014 383 4066 perne
397 3999 514 4065 ligura,
507 4016 532 4050 m
553 4015 644 4050 canem
659 4015 722 4050 vero
737 4000 873 4058 desinens.
889 4002 969 4051 citam
989 4001 1073 4052 fuisse
1092 4002 1298 4070 Tyrrhenorum
1317 4007 1368 4056 tri·

302 4102 402 4138 remem
426 4102 495 4153 quae
515 4087 614 4138 circum
637 4087 758 4139 Siciliam
783 4090 914 4155 navigans
932 4097 1012 4142 naves
1033 4100 1134 4142 ceteras
1154 4105 1368 4159 persequeretur.

301 4176 365 4226 Inde
378 4176 493 4242 Scaliger
508 4177 659 4242 suspicatur
675 4196 688 4223 a
701 4177 852 4242 Vergilium
864 4177 891 4229 in
906 4179 998 4230 divino
1014 4189 1137 4245 poemate
1149 4181 1203 4233 Ciri
1221 4183 1368 4248 Palaepha-

299 4275 357 4316 tum
373 4265 463 4324 citare,
479 4267 525 4318 sed
541 4282 571 4316 ex
585 4266 638 4318 alio
653 4267 732 4330 libro,
745 4284 827 4334 quam
844 4285 874 4320 ex
891 4257 980 4336 primo
995 4271 1086 4338 (quem
1105 4273 1195 4322 solum
1211 4283 1304 4322 monet
1319 4285 1368 4322 su-

300 4370 406 4419 peresse
416 4356 599 4422 dequinque).
607 4357 694 4409 »Scal
705 4357 850 4412 Animadv.
860 4361 889 4410 in
900 4359 1008 4411 Eusebii
1018 4359 1368 4413 ChronicisAmstel.1658.
