3134 5082
294 463 341 546 28
640 484 689 542 ua
714 483 882 536 CARMINE
908 484 1004 538 etms

290 612 394 682 verbo
414 609 558 704 rapidos
573 635 642 682 non
664 631 792 684 tantam
813 615 921 686 inesse
934 615 1002 684 vim
1022 632 1151 704 quanta
1173 614 1256 684 huie*
1277 635 1353 682 utn-

292 737 382 810 tata,
403 744 641 819 praeterquam
657 733 748 821 quod
772 733 835 800 hoc
854 732 959 802 eliam
978 732 1086 801 oratio
1107 731 1228 800 frustra
1245 729 1353 820 impe·
1374 711 1376 714 ¹

291 843 383 913 ditur
401 847 411 912 l
433 844 558 934 Ecquis
583 867 651 914 non
670 847 770 916 sentit
790 870 894 938 quam
919 848 1036 916 tardus
1061 863 1092 916 et
1110 844 1352 937 incompositus

292 958 335 1028 sit·
357 981 473 1029 versus
491 983 508 1027 r
527 964 618 1030 Ante
636 961 727 1044 hunc
742 979 985 1054 conspectum»
1003 985 1071 1034 non
1088 962 1193 1031 modo
1216 975 1353 1051 propter

291 1075 439 1144 litteram
462 1075 625 1166 Cquater
650 1095 850 1168 usurpatam
866 1102 883 1145 u
900 1077 1001 1148 hunC
1020 1076 1259 1168 Conspectum
1282 1075 1351 1145 Ca·

291 1214 390 1277 susve
406 1215 440 1280 n,
461 1192 520 1261 sed
541 1191 647 1282 quod,
663 1192 772 1261 tribus
795 1192 1028 1283 incipientibus
1042 1193 1212 1283 spondeis,
1228 1192 1352 1282 duplex
1439 1239 1452 1272 ς

292 1308 335 1401 in
346 1307 411 1377 fine
429 1307 558 1399 positus
576 1325 626 1377 est
640 1308 921 1401 amphibrachys?

450 1546 605 1599 Narcissum
621 1549 774 1614 casiamque
789 1548 885 1600 herbas
899 1548 1040 1599 contundit
1055 1549 1166 1600 olentes.
1212 1599 1215 1604 ,

1113 1635 1274 1701 (Cir.,370.)
1366 1633 1368 1640 '

446 1751 515 1804 Allia
528 1754 731 1820 serpyllumque
745 1731 840 1805 herbas
854 1753 996 1806 contundit
1009 1755 1120 1805 olentes.

1063 1844 1155 1908 (bue,
1171 1841 1202 1905 ΙΙ,
1223 1843 1275 1906 rr.)

447 1961 554 2027 Terque
568 1977 672 2013 novena
686 1961 773 2029 ligans
787 1962 886 2030 triplici
901 1961 1005 2014 diversa
1018 1965 1107 2020 colore

446 2049 512 2100 Fila.

1079 2141 1158 2206 (Cin,
1176 2141 1248 2207 371.)

446 2260 537 2310 Tema
553 2259 601 2310 tibi
620 2259 685 2310 haec
698 2259 816 2325 primum
832 2259 931 2326 triplici
946 2258 1049 2310 diversa
1066 2258 1153 2308 colore

448 2352 521 2402 Licia
536 2351 681 2403 circumdo.

1064 2441 1155 2505 (Bue,
1172 2441 1239 2504 vlu,
1254 2439 1307 2506 73.)

336 2637 432 2707 Alias
461 2637 663 2728 particulas,
695 2661 752 2707 eas
778 2638 917 2729 quidem
948 2640 1115 2725 minores,
1142 2637 1174 2706 in
1202 2636 1355 2706 medium

292 2753 442 2844 proferre
470 2753 558 2839 licet,
589 2774 748 2822 versuum
769 2753 970 2843 pierumque
997 2752 1080 2820 fines
1107 2751 1158 2820 vel
1184 2751 1291 2840 initia,
1318 2768 1355 2820 ut

292 2868 412 2937 eadem
431 2868 536 2937 verba
560 2867 594 2935 in
618 2867 737 2951 eodem
760 2868 833 2937 loco
858 2867 968 2957 posita
988 2867 1083 2936 facile
1106 2885 1252 2959 arguant
1276 2866 1353 2936 imi-

292 2998 466 3052 tationem.

446 3204 603 3270 Dependent
619 3204 698 3256 flores
711 3215 757 3257 aut
773 3220 855 3256 suave
869 3207 966 3257 rubens
978 3207 1124 3257 narcissus.

1081 3295 1157 3360 (Cin,
1175 3295 1228 3363 96.)

446 3413 558 3463 Munera
576 3420 640 3463 sunt
653 3412 721 3462 lauri
736 3423 761 3464 et
777 3427 858 3463 suave
871 3412 970 3463 rubens
986 3411 1159 3478 hyacinthus.

1095 3503 1237 3568 (Buc.‚[11,
1254 3499 1310 3567 63.)

446 3618 572 3685 luppiter,
589 3619 634 3671 iile
650 3620 729 3670 etiam
741 3633 843 3686 poenos
858 3619 988 3671 domitare
1002 3621 1099 3672 leones.

1045 3701 1122 3774 (Cin,
1142 3707 1213 3773 135.)

553 3824 660 3877 Poenos
676 3825 757 3877 etiam
773 3825 938 3892 ingemuisse
951 3827 1047 3877 leones.

895 3915 980 3979 (Bne.
999 3915 1030 3974 V,
1046 3918 1102 3981 ²¹7⁴)

447 4029 482 4080 Ut
497 4030 588 4096 patris,
603 4029 632 4082 a!
649 4031 769 4082 demens.

723 4121 799 4184 (Cin,
819 4119 888 4184 185.)

449 4233 534 4292 Quem
551 4233 631 4300 iugis,
648 4233 679 4286 a!
695 4235 813 4286 demens.

738 4325 823 4388 (Bue,
840 4323 871 4388 ΙΙ,
887 4323 943 4389 60.)
