<?xml version="1.0" encoding="UTF-8"?>
<!DOCTYPE html PUBLIC "-//W3C//DTD XHTML 1.0 Transitional//EN"
    "http://www.w3.org/TR/xhtml1/DTD/xhtml1-transitional.dtd">
<html xmlns="http://www.w3.org/1999/xhtml" xml:lang="en" lang="en">
 <head>
  <title>
</title>
<meta http-equiv="Content-Type" content="text/html;charset=utf-8" />
  <meta name='ocr-system' content='tesseract 3.04.00' />
  <meta name='ocr-capabilities' content='ocr_page ocr_carea ocr_par ocr_line ocrx_word'/>
</head>
<body>
  <div class='ocr_page' id='page_1' title='image "./decarmineciris00waltgoog_0031.png"; bbox 0 0 3134 5082; ppageno 0'>
   <div class='ocr_carea' id='block_1_1' title="bbox 660 511 1021 563">
    <p class='ocr_par' dir='ltr' id='par_1_1' title="bbox 660 511 1021 563">
     <span class='ocr_line' id='line_1_1' title="bbox 660 511 1021 563; baseline 0.003 -2"><span class='ocrx_word' id='word_1_1' title='bbox 660 514 708 562; x_wconf 89' lang='lat' dir='ltr'>DE</span> <span class='ocrx_word' id='word_1_2' title='bbox 734 512 900 563; x_wconf 86' lang='lat' dir='ltr'>CARMlNE</span> <span class='ocrx_word' id='word_1_3' title='bbox 926 511 1021 563; x_wconf 77' lang='lat' dir='ltr'>ctttls</span> 
     </span>
    </p>
   </div>
   <div class='ocr_carea' id='block_1_2' title="bbox 465 637 1385 794">
    <p class='ocr_par' dir='ltr' id='par_1_2' title="bbox 465 637 1385 794">
     <span class='ocr_line' id='line_1_2' title="bbox 465 637 1385 705; baseline 0.002 -17"><span class='ocrx_word' id='word_1_4' title='bbox 465 637 618 703; x_wconf 83' lang='lat' dir='ltr'><em>Numquam</em></span> <span class='ocrx_word' id='word_1_5' title='bbox 634 653 685 705; x_wconf 83' lang='lat' dir='ltr'>ego</span> <span class='ocrx_word' id='word_1_6' title='bbox 700 647 726 691; x_wconf 84' lang='lat' dir='ltr'>te</span> <span class='ocrx_word' id='word_1_7' title='bbox 738 656 846 692; x_wconf 91' lang='lat' dir='ltr'>summo</span> <span class='ocrx_word' id='word_1_8' title='bbox 860 642 1017 692; x_wconf 87' lang='lat' dir='ltr'>volitantem</span> <span class='ocrx_word' id='word_1_9' title='bbox 1032 641 1057 690; x_wconf 92' lang='lat' dir='ltr'>in</span> <span class='ocrx_word' id='word_1_10' title='bbox 1073 639 1171 690; x_wconf 89' lang='lat' dir='ltr'>vertice</span> <span class='ocrx_word' id='word_1_11' title='bbox 1185 640 1298 691; x_wconf 89' lang='lat' dir='ltr'>montis.</span> <span class='ocrx_word' id='word_1_12' title='bbox 1381 662 1385 668; x_wconf 95' lang='lat'>·</span> 
     </span>
     <span class='ocr_line' id='line_1_3' title="bbox 1203 729 1361 794; baseline -0.006 -14"><span class='ocrx_word' id='word_1_13' title='bbox 1203 731 1280 790; x_wconf 86' lang='lat' dir='ltr'>(Cir.‚</span> <span class='ocrx_word' id='word_1_14' title='bbox 1297 729 1361 794; x_wconf 82' lang='lat'>307.</span> 
     </span>
    </p>
   </div>
   <div class='ocr_carea' id='block_1_3' title="bbox 466 844 1224 1002">
    <p class='ocr_par' dir='ltr' id='par_1_3' title="bbox 466 844 1224 1002">
     <span class='ocr_line' id='line_1_4' title="bbox 466 844 1224 913; baseline 0.001 -19"><span class='ocrx_word' id='word_1_15' title='bbox 466 844 535 910; x_wconf 83' lang='lat' dir='ltr'>Ergo</span> <span class='ocrx_word' id='word_1_16' title='bbox 550 859 602 912; x_wconf 82' lang='lat' dir='ltr'>ego</span> <span class='ocrx_word' id='word_1_17' title='bbox 614 851 638 896; x_wconf 81' lang='lat' dir='ltr'>te</span> <span class='ocrx_word' id='word_1_18' title='bbox 655 847 764 898; x_wconf 85' lang='lat' dir='ltr'>audiero</span> <span class='ocrx_word' id='word_1_19' title='bbox 777 861 917 913; x_wconf 84' lang='lat' dir='ltr'><em>numquam</em></span> <span class='ocrx_word' id='word_1_20' title='bbox 932 856 977 897; x_wconf 87' lang='lat' dir='ltr'>tua</span> <span class='ocrx_word' id='word_1_21' title='bbox 991 845 1057 897; x_wconf 86' lang='lat' dir='ltr'>lacte</span> <span class='ocrx_word' id='word_1_22' title='bbox 1071 847 1224 913; x_wconf 86' lang='lat' dir='ltr'>loquentem</span> 
     </span>
     <span class='ocr_line' id='line_1_5' title="bbox 527 933 1119 1002; baseline -0.002 -18"><span class='ocrx_word' id='word_1_23' title='bbox 527 934 682 1000; x_wconf 86' lang='lat' dir='ltr'><em>Numquam</em></span> <span class='ocrx_word' id='word_1_24' title='bbox 699 949 751 1002; x_wconf 84' lang='lat' dir='ltr'>ego</span> <span class='ocrx_word' id='word_1_25' title='bbox 764 943 797 1000; x_wconf 83' lang='lat' dir='ltr'>te,</span> <span class='ocrx_word' id='word_1_26' title='bbox 815 935 869 986; x_wconf 88' lang='lat' dir='ltr'>vita</span> <span class='ocrx_word' id='word_1_27' title='bbox 882 935 963 984; x_wconf 88' lang='lat' dir='ltr'>frater</span> <span class='ocrx_word' id='word_1_28' title='bbox 974 933 1119 984; x_wconf 84' lang='lat' dir='ltr'>amabilior</span> 
     </span>
    </p>
   </div>
   <div class='ocr_carea' id='block_1_4' title="bbox 464 1021 1306 1152">
    <p class='ocr_par' dir='ltr' id='par_1_4' title="bbox 464 1021 1306 1152">
     <span class='ocr_line' id='line_1_6' title="bbox 464 1021 736 1088; baseline 0.018 -18"><span class='ocrx_word' id='word_1_29' title='bbox 464 1021 598 1086; x_wconf 76' lang='lat' dir='ltr'>Aspiciam</span> <span class='ocrx_word' id='word_1_30' title='bbox 613 1025 736 1088; x_wconf 90' lang='lat' dir='ltr'>posthac.</span> 
     </span>
     <span class='ocr_line' id='line_1_7' title="bbox 1057 1083 1306 1152; baseline -0.012 -15"><span class='ocrx_word' id='word_1_31' title='bbox 1057 1087 1141 1152; x_wconf 72' lang='lat' dir='ltr'>(Cat,</span> <span class='ocrx_word' id='word_1_32' title='bbox 1156 1086 1234 1149; x_wconf 87' lang='lat' dir='ltr'>LXV,</span> <span class='ocrx_word' id='word_1_33' title='bbox 1254 1083 1306 1150; x_wconf 84' lang='grc' dir='ltr'>ιο.)</span> 
     </span>
    </p>
   </div>
   <div class='ocr_carea' id='block_1_5' title="bbox 468 1174 1197 1329">
    <p class='ocr_par' dir='ltr' id='par_1_5' title="bbox 468 1174 1197 1329">
     <span class='ocr_line' id='line_1_8' title="bbox 468 1174 1099 1244; baseline 0.003 -20"><span class='ocrx_word' id='word_1_34' title='bbox 468 1174 501 1224; x_wconf 93' lang='lat' dir='ltr'>Ut</span> <span class='ocrx_word' id='word_1_35' title='bbox 515 1191 576 1226; x_wconf 91' lang='lat' dir='ltr'>cum</span> <span class='ocrx_word' id='word_1_36' title='bbox 591 1191 665 1227; x_wconf 87' lang='lat' dir='ltr'>caesa</span> <span class='ocrx_word' id='word_1_37' title='bbox 680 1177 724 1241; x_wconf 93' lang='lat' dir='ltr'>pio</span> <span class='ocrx_word' id='word_1_38' title='bbox 739 1177 880 1229; x_wconf 79' lang='lat' dir='ltr'>cecidisset</span> <span class='ocrx_word' id='word_1_39' title='bbox 894 1179 1001 1229; x_wconf 85' lang='lat' dir='ltr'>victima</span> <span class='ocrx_word' id='word_1_40' title='bbox 1008 1179 1099 1244; x_wconf 83' lang='lat' dir='ltr'>ferro.</span> 
     </span>
     <span class='ocr_line' id='line_1_9' title="bbox 1035 1264 1197 1329; baseline -0.012 -11"><span class='ocrx_word' id='word_1_41' title='bbox 1035 1267 1109 1328; x_wconf 90' lang='lat' dir='ltr'>(Cir.‚</span> <span class='ocrx_word' id='word_1_42' title='bbox 1123 1264 1197 1329; x_wconf 81' lang='lat'>366.)</span> 
     </span>
    </p>
   </div>
   <div class='ocr_carea' id='block_1_6' title="bbox 466 1381 1367 1538">
    <p class='ocr_par' dir='ltr' id='par_1_6' title="bbox 466 1381 1367 1538">
     <span class='ocr_line' id='line_1_10' title="bbox 466 1381 1159 1447; baseline -0.001 -15"><span class='ocrx_word' id='word_1_43' title='bbox 466 1381 627 1440; x_wconf 81' lang='lat' dir='ltr'>Quaevelut</span> <span class='ocrx_word' id='word_1_44' title='bbox 641 1381 750 1447; x_wconf 86' lang='lat' dir='ltr'>ancipiti</span> <span class='ocrx_word' id='word_1_45' title='bbox 768 1383 939 1434; x_wconf 84' lang='lat' dir='ltr'><em>succumbens</em></span> <span class='ocrx_word' id='word_1_46' title='bbox 954 1381 1061 1433; x_wconf 84' lang='lat' dir='ltr'>uictima</span> <span class='ocrx_word' id='word_1_47' title='bbox 1067 1382 1159 1446; x_wconf 80' lang='lat' dir='ltr'>serra.</span> 
     </span>
     <span class='ocr_line' id='line_1_11' title="bbox 1088 1467 1367 1538; baseline -0.007 -16"><span class='ocrx_word' id='word_1_48' title='bbox 1088 1472 1169 1532; x_wconf 65' lang='lat' dir='ltr'>(Cau,</span> <span class='ocrx_word' id='word_1_49' title='bbox 1185 1470 1278 1527; x_wconf 82' lang='lat' dir='ltr'>LXlV,</span> <span class='ocrx_word' id='word_1_50' title='bbox 1293 1467 1367 1538; x_wconf 80' lang='lat'><strong>369.)</strong></span> 
     </span>
    </p>
   </div>
   <div class='ocr_carea' id='block_1_7' title="bbox 307 1611 1366 2520">
    <p class='ocr_par' dir='ltr' id='par_1_7' title="bbox 307 1611 1366 2520">
     <span class='ocr_line' id='line_1_12' title="bbox 357 1611 1366 1706; baseline 0 -24"><span class='ocrx_word' id='word_1_51' title='bbox 357 1613 438 1682; x_wconf 90' lang='lat' dir='ltr'>Non</span> <span class='ocrx_word' id='word_1_52' title='bbox 455 1613 558 1683; x_wconf 92' lang='lat' dir='ltr'>modo</span> <span class='ocrx_word' id='word_1_53' title='bbox 572 1614 672 1706; x_wconf 85' lang='lat' dir='ltr'>igitur</span> <span class='ocrx_word' id='word_1_54' title='bbox 689 1631 790 1706; x_wconf 87' lang='lat' dir='ltr'>poeta</span> <span class='ocrx_word' id='word_1_55' title='bbox 810 1632 922 1684; x_wconf 90' lang='lat' dir='ltr'>noster</span> <span class='ocrx_word' id='word_1_56' title='bbox 941 1638 961 1684; x_wconf 89' lang='lat' dir='ltr'>a</span> <span class='ocrx_word' id='word_1_57' title='bbox 976 1615 1110 1685; x_wconf 86' lang='lat' dir='ltr'>Catullo</span> <span class='ocrx_word' id='word_1_58' title='bbox 1129 1637 1246 1683; x_wconf 90' lang='lat' dir='ltr'>versus</span> <span class='ocrx_word' id='word_1_59' title='bbox 1260 1611 1366 1704; x_wconf 87' lang='lat' dir='ltr'>parti-</span> 
     </span>
     <span class='ocr_line' id='line_1_13' title="bbox 310 1729 1366 1821; baseline 0.002 -25"><span class='ocrx_word' id='word_1_60' title='bbox 310 1730 417 1817; x_wconf 84' lang='lat' dir='ltr'>culas,</span> <span class='ocrx_word' id='word_1_61' title='bbox 446 1729 539 1799; x_wconf 91' lang='lat' dir='ltr'>initia</span> <span class='ocrx_word' id='word_1_62' title='bbox 568 1731 735 1821; x_wconf 89' lang='lat' dir='ltr'>finesque,</span> <span class='ocrx_word' id='word_1_63' title='bbox 760 1748 795 1800; x_wconf 91' lang='lat' dir='ltr'>ut</span> <span class='ocrx_word' id='word_1_64' title='bbox 817 1733 925 1801; x_wconf 88' lang='lat' dir='ltr'>solent</span> <span class='ocrx_word' id='word_1_65' title='bbox 957 1733 990 1800; x_wconf 91' lang='lat' dir='ltr'>in</span> <span class='ocrx_word' id='word_1_66' title='bbox 1012 1731 1126 1800; x_wconf 88' lang='lat' dir='ltr'>schola</span> <span class='ocrx_word' id='word_1_67' title='bbox 1155 1730 1264 1820; x_wconf 84' lang='lat' dir='ltr'>pueri,</span> <span class='ocrx_word' id='word_1_68' title='bbox 1281 1729 1366 1799; x_wconf 91' lang='lat' dir='ltr'>arri·</span> 
     </span>
     <span class='ocr_line' id='line_1_14' title="bbox 310 1845 1366 1937; baseline 0.004 -25"><span class='ocrx_word' id='word_1_69' title='bbox 310 1845 410 1935; x_wconf 72' lang='lat' dir='ltr'>pult,</span> <span class='ocrx_word' id='word_1_70' title='bbox 437 1847 494 1914; x_wconf 90' lang='lat' dir='ltr'>sed</span> <span class='ocrx_word' id='word_1_71' title='bbox 535 1864 674 1937; x_wconf 90' lang='lat' dir='ltr'>apparet</span> <span class='ocrx_word' id='word_1_72' title='bbox 710 1870 789 1917; x_wconf 89' lang='lat' dir='ltr'>eum</span> <span class='ocrx_word' id='word_1_73' title='bbox 823 1847 857 1915; x_wconf 94' lang='lat' dir='ltr'>id</span> <span class='ocrx_word' id='word_1_74' title='bbox 892 1849 1033 1918; x_wconf 87' lang='lat' dir='ltr'>libenter</span> <span class='ocrx_word' id='word_1_75' title='bbox 1064 1845 1178 1917; x_wconf 86' lang='lat' dir='ltr'>fecisse</span> <span class='ocrx_word' id='word_1_76' title='bbox 1204 1870 1264 1917; x_wconf 89' lang='lat' dir='ltr'>nec</span> <span class='ocrx_word' id='word_1_77' title='bbox 1295 1848 1366 1916; x_wconf 88' lang='lat' dir='ltr'>sine</span> 
     </span>
     <span class='ocr_line' id='line_1_15' title="bbox 309 1962 1362 2055; baseline 0.001 -25"><span class='ocrx_word' id='word_1_78' title='bbox 309 1963 459 2053; x_wconf 87' lang='lat' dir='ltr'>quadam</span> <span class='ocrx_word' id='word_1_79' title='bbox 472 1962 580 2031; x_wconf 89' lang='lat' dir='ltr'>laudis</span> <span class='ocrx_word' id='word_1_80' title='bbox 594 1963 795 2055; x_wconf 88' lang='lat' dir='ltr'>captatione,</span> <span class='ocrx_word' id='word_1_81' title='bbox 816 1987 946 2033; x_wconf 90' lang='lat' dir='ltr'>morem</span> <span class='ocrx_word' id='word_1_82' title='bbox 971 1965 1087 2033; x_wconf 86' lang='lat' dir='ltr'>aetatis</span> <span class='ocrx_word' id='word_1_83' title='bbox 1102 1987 1182 2034; x_wconf 90' lang='lat' dir='ltr'>suae</span> <span class='ocrx_word' id='word_1_84' title='bbox 1197 1981 1362 2034; x_wconf 88' lang='lat' dir='ltr'>secutum.</span> 
     </span>
     <span class='ocr_line' id='line_1_16' title="bbox 309 2078 1365 2172; baseline 0.003 -25"><span class='ocrx_word' id='word_1_85' title='bbox 309 2078 403 2168; x_wconf 92' lang='lat' dir='ltr'>Quot</span> <span class='ocrx_word' id='word_1_86' title='bbox 420 2102 500 2148; x_wconf 90' lang='lat' dir='ltr'>vero</span> <span class='ocrx_word' id='word_1_87' title='bbox 522 2082 605 2149; x_wconf 89' lang='lat' dir='ltr'>alias</span> <span class='ocrx_word' id='word_1_88' title='bbox 621 2081 747 2166; x_wconf 87' lang='lat' dir='ltr'>minus,</span> <span class='ocrx_word' id='word_1_89' title='bbox 770 2099 807 2149; x_wconf 92' lang='lat' dir='ltr'>ut</span> <span class='ocrx_word' id='word_1_90' title='bbox 827 2081 873 2151; x_wconf 88' lang='lat' dir='ltr'>ita</span> <span class='ocrx_word' id='word_1_91' title='bbox 888 2081 1013 2167; x_wconf 90' lang='lat' dir='ltr'>dicam,</span> <span class='ocrx_word' id='word_1_92' title='bbox 1028 2081 1163 2150; x_wconf 86' lang='lat' dir='ltr'>serviles</span> <span class='ocrx_word' id='word_1_93' title='bbox 1178 2081 1270 2172; x_wconf 88' lang='lat' dir='ltr'>apud</span> <span class='ocrx_word' id='word_1_94' title='bbox 1285 2103 1365 2150; x_wconf 90' lang='lat' dir='ltr'>eum</span> 
     </span>
     <span class='ocr_line' id='line_1_17' title="bbox 311 2196 1365 2288; baseline 0.001 -23"><span class='ocrx_word' id='word_1_95' title='bbox 311 2197 512 2265; x_wconf 83' lang='lat' dir='ltr'>imitationes</span> <span class='ocrx_word' id='word_1_96' title='bbox 525 2196 822 2288; x_wconf 81' lang='lat' dir='ltr'>deprehendimus!</span> <span class='ocrx_word' id='word_1_97' title='bbox 853 2199 955 2267; x_wconf 92' lang='lat' dir='ltr'>Nunc</span> <span class='ocrx_word' id='word_1_98' title='bbox 975 2220 1028 2266; x_wconf 90' lang='lat' dir='ltr'>res</span> <span class='ocrx_word' id='word_1_99' title='bbox 1047 2215 1079 2267; x_wconf 91' lang='lat' dir='ltr'>et</span> <span class='ocrx_word' id='word_1_100' title='bbox 1093 2198 1274 2266; x_wconf 87' lang='lat' dir='ltr'>sententias</span> <span class='ocrx_word' id='word_1_101' title='bbox 1286 2196 1365 2266; x_wconf 88' lang='lat' dir='ltr'>inde</span> 
     </span>
     <span class='ocr_line' id='line_1_18' title="bbox 309 2311 1364 2404; baseline 0.002 -23"><span class='ocrx_word' id='word_1_102' title='bbox 309 2313 476 2403; x_wconf 91' lang='lat' dir='ltr'>depromit</span> <span class='ocrx_word' id='word_1_103' title='bbox 492 2339 499 2382; x_wconf 91' lang='lat'>:</span> <span class='ocrx_word' id='word_1_104' title='bbox 522 2334 635 2381; x_wconf 89' lang='lat' dir='ltr'>nonne</span> <span class='ocrx_word' id='word_1_105' title='bbox 649 2312 823 2382; x_wconf 88' lang='lat' dir='ltr'>Minervae</span> <span class='ocrx_word' id='word_1_106' title='bbox 839 2313 975 2403; x_wconf 88' lang='lat' dir='ltr'>peplum</span> <span class='ocrx_word' id='word_1_107' title='bbox 990 2313 1023 2381; x_wconf 91' lang='lat' dir='ltr'>in</span> <span class='ocrx_word' id='word_1_108' title='bbox 1040 2311 1148 2402; x_wconf 88' lang='lat' dir='ltr'>prima</span> <span class='ocrx_word' id='word_1_109' title='bbox 1168 2313 1255 2382; x_wconf 90' lang='lat' dir='ltr'>Ciris</span> <span class='ocrx_word' id='word_1_110' title='bbox 1269 2331 1364 2404; x_wconf 88' lang='lat' dir='ltr'>parte</span> 
     </span>
     <span class='ocr_line' id='line_1_19' title="bbox 307 2428 1364 2520; baseline 0.002 -24"><span class='ocrx_word' id='word_1_111' title='bbox 307 2428 389 2497; x_wconf 90' lang='lat' dir='ltr'>vesti</span> <span class='ocrx_word' id='word_1_112' title='bbox 417 2451 620 2520; x_wconf 85' lang='lat' dir='ltr'>purpureae,</span> <span class='ocrx_word' id='word_1_113' title='bbox 647 2428 704 2498; x_wconf 91' lang='lat' dir='ltr'>ubi</span> <span class='ocrx_word' id='word_1_114' title='bbox 735 2429 932 2498; x_wconf 87' lang='lat' dir='ltr'>describitur</span> <span class='ocrx_word' id='word_1_115' title='bbox 958 2429 1126 2514; x_wconf 80' lang='lat' dir='ltr'>Ariadna,</span> <span class='ocrx_word' id='word_1_116' title='bbox 1160 2429 1364 2519; x_wconf 82' lang='lat' dir='ltr'>respondet?</span> 
     </span>
    </p>
   </div>
   <div class='ocr_carea' id='block_1_8' title="bbox 306 2543 1366 3346">
    <p class='ocr_par' dir='ltr' id='par_1_8' title="bbox 308 2543 1366 2985">
     <span class='ocr_line' id='line_1_20' title="bbox 312 2543 1364 2636; baseline 0.002 -25"><span class='ocrx_word' id='word_1_117' title='bbox 312 2544 423 2633; x_wconf 88' lang='lat' dir='ltr'>Alias,</span> <span class='ocrx_word' id='word_1_118' title='bbox 451 2563 633 2636; x_wconf 89' lang='lat' dir='ltr'>postquam</span> <span class='ocrx_word' id='word_1_119' title='bbox 658 2564 795 2635; x_wconf 92' lang='lat' dir='ltr'>uterque</span> <span class='ocrx_word' id='word_1_120' title='bbox 819 2545 938 2613; x_wconf 88' lang='lat' dir='ltr'>iisdem</span> <span class='ocrx_word' id='word_1_121' title='bbox 962 2543 1030 2613; x_wconf 85' lang='lat' dir='ltr'>lere</span> <span class='ocrx_word' id='word_1_122' title='bbox 1049 2543 1217 2613; x_wconf 91' lang='lat' dir='ltr'>coloribus</span> <span class='ocrx_word' id='word_1_123' title='bbox 1243 2543 1364 2613; x_wconf 87' lang='lat' dir='ltr'>mulie-</span> 
     </span>
     <span class='ocr_line' id='line_1_21' title="bbox 309 2641 1365 2752; baseline -0.006 -22"><span class='ocrx_word' id='word_1_124' title='bbox 309 2661 512 2752; x_wconf 82' lang='lat' dir='ltr'>brespinxit</span> <span class='ocrx_word' id='word_1_125' title='bbox 532 2641 673 2745; x_wconf 80' lang='lat' dir='ltr'>furores,</span> <span class='ocrx_word' id='word_1_126' title='bbox 696 2681 753 2728; x_wconf 89' lang='lat' dir='ltr'>eos</span> <span class='ocrx_word' id='word_1_127' title='bbox 768 2657 928 2749; x_wconf 88' lang='lat' dir='ltr'>Cupidini</span> <span class='ocrx_word' id='word_1_128' title='bbox 942 2659 1098 2750; x_wconf 75' lang='lat' dir='ltr'>imputat,</span> <span class='ocrx_word' id='word_1_129' title='bbox 1123 2657 1168 2726; x_wconf 87' lang='lat' dir='ltr'>ita</span> <span class='ocrx_word' id='word_1_130' title='bbox 1192 2675 1305 2726; x_wconf 88' lang='lat' dir='ltr'>tamen</span> <span class='ocrx_word' id='word_1_131' title='bbox 1327 2673 1365 2724; x_wconf 94' lang='lat' dir='ltr'>ut</span> 
     </span>
     <span class='ocr_line' id='line_1_22' title="bbox 308 2774 1366 2869; baseline -0.005 -23"><span class='ocrx_word' id='word_1_132' title='bbox 308 2778 404 2848; x_wconf 85' lang='lat' dir='ltr'>facile</span> <span class='ocrx_word' id='word_1_133' title='bbox 419 2777 558 2847; x_wconf 88' lang='lat' dir='ltr'>iudicari</span> <span class='ocrx_word' id='word_1_134' title='bbox 576 2777 694 2869; x_wconf 92' lang='lat' dir='ltr'>possit,</span> <span class='ocrx_word' id='word_1_135' title='bbox 713 2775 798 2846; x_wconf 88' lang='lat' dir='ltr'>Ciris</span> <span class='ocrx_word' id='word_1_136' title='bbox 813 2777 956 2864; x_wconf 90' lang='lat' dir='ltr'>auctori,</span> <span class='ocrx_word' id='word_1_137' title='bbox 975 2797 1052 2844; x_wconf 91' lang='lat' dir='ltr'>cum</span> <span class='ocrx_word' id='word_1_138' title='bbox 1072 2774 1243 2866; x_wconf 83' lang='lat' dir='ltr'>egregium</span> <span class='ocrx_word' id='word_1_139' title='bbox 1256 2795 1366 2842; x_wconf 87' lang='lat' dir='ltr'>exem·</span> 
     </span>
     <span class='ocr_line' id='line_1_23' title="bbox 309 2893 1155 2985; baseline -0.006 -22"><span class='ocrx_word' id='word_1_140' title='bbox 309 2896 384 2985; x_wconf 89' lang='lat' dir='ltr'>plar</span> <span class='ocrx_word' id='word_1_141' title='bbox 398 2894 583 2985; x_wconf 82' lang='lat' dir='ltr'>exprimere</span> <span class='ocrx_word' id='word_1_142' title='bbox 597 2894 708 2981; x_wconf 87' lang='lat' dir='ltr'>vellet,</span> <span class='ocrx_word' id='word_1_143' title='bbox 725 2894 813 2961; x_wconf 86' lang='lat' dir='ltr'>male</span> <span class='ocrx_word' id='word_1_144' title='bbox 832 2915 905 2962; x_wconf 87' lang='lat' dir='ltr'>rem</span> <span class='ocrx_word' id='word_1_145' title='bbox 918 2893 1114 2962; x_wconf 86' lang='lat' dir='ltr'>successisse</span> <span class='ocrx_word' id='word_1_146' title='bbox 1133 2904 1155 2958; x_wconf 93' lang='lat'>¹.</span> 
     </span>
    </p>

    <p class='ocr_par' dir='ltr' id='par_1_9' title="bbox 306 3005 1363 3346">
     <span class='ocr_line' id='line_1_24' title="bbox 355 3005 1363 3102; baseline -0.006 -23"><span class='ocrx_word' id='word_1_147' title='bbox 355 3012 438 3080; x_wconf 88' lang='lat' dir='ltr'>Item</span> <span class='ocrx_word' id='word_1_148' title='bbox 451 3028 488 3079; x_wconf 94' lang='lat' dir='ltr'>ut</span> <span class='ocrx_word' id='word_1_149' title='bbox 498 3010 550 3079; x_wconf 92' lang='lat' dir='ltr'>hic</span> <span class='ocrx_word' id='word_1_150' title='bbox 561 3009 664 3079; x_wconf 89' lang='lat' dir='ltr'>maris</span> <span class='ocrx_word' id='word_1_151' title='bbox 675 3011 858 3102; x_wconf 88' lang='lat' dir='ltr'>Nymphae</span> <span class='ocrx_word' id='word_1_152' title='bbox 873 3032 952 3079; x_wconf 90' lang='lat' dir='ltr'>cum</span> <span class='ocrx_word' id='word_1_153' title='bbox 966 3027 1060 3101; x_wconf 89' lang='lat' dir='ltr'>patre</span> <span class='ocrx_word' id='word_1_154' title='bbox 1073 3009 1214 3080; x_wconf 87' lang='lat' dir='ltr'>Oceano</span> <span class='ocrx_word' id='word_1_155' title='bbox 1223 3005 1363 3095; x_wconf 86' lang='lat' dir='ltr'>aliisque</span> 
     </span>
     <span class='ocr_line' id='line_1_25' title="bbox 308 3121 1362 3216; baseline -0.006 -19"><span class='ocrx_word' id='word_1_156' title='bbox 308 3126 502 3197; x_wconf 88' lang='lat' dir='ltr'>numinibus</span> <span class='ocrx_word' id='word_1_157' title='bbox 517 3147 577 3216; x_wconf 92' lang='lat' dir='ltr'>per</span> <span class='ocrx_word' id='word_1_158' title='bbox 601 3126 709 3194; x_wconf 90' lang='lat' dir='ltr'>undas</span> <span class='ocrx_word' id='word_1_159' title='bbox 729 3142 872 3195; x_wconf 87' lang='lat' dir='ltr'>tractam</span> <span class='ocrx_word' id='word_1_160' title='bbox 898 3125 973 3195; x_wconf 93' lang='lat' dir='ltr'>Nisi</span> <span class='ocrx_word' id='word_1_161' title='bbox 990 3126 1095 3195; x_wconf 87' lang='lat' dir='ltr'>filiam</span> <span class='ocrx_word' id='word_1_162' title='bbox 1113 3126 1291 3209; x_wconf 88' lang='lat' dir='ltr'>mirantur,</span> <span class='ocrx_word' id='word_1_163' title='bbox 1316 3121 1362 3192; x_wconf 86' lang='lat' dir='ltr'>ita</span> 
     </span>
     <span class='ocr_line' id='line_1_26' title="bbox 306 3242 1267 3346; baseline -0.003 -33"><span class='ocrx_word' id='word_1_164' title='bbox 306 3244 396 3335; x_wconf 87' lang='lat' dir='ltr'>apud</span> <span class='ocrx_word' id='word_1_165' title='bbox 416 3242 588 3313; x_wconf 91' lang='lat' dir='ltr'>Catullum</span> <span class='ocrx_word' id='word_1_166' title='bbox 603 3242 811 3333; x_wconf 85' lang='lat' dir='ltr'>Argonautis</span> <span class='ocrx_word' id='word_1_167' title='bbox 825 3242 945 3311; x_wconf 89' lang='lat' dir='ltr'>fluctus</span> <span class='ocrx_word' id='word_1_168' title='bbox 961 3243 1267 3346; x_wconf 87' lang='lat' dir='ltr'>proscindentibus,</span> 
     </span>
    </p>
   </div>
   <div class='ocr_carea' id='block_1_9' title="bbox 459 3413 1137 3571">
    <p class='ocr_par' dir='ltr' id='par_1_10' title="bbox 459 3413 1137 3571">
     <span class='ocr_line' id='line_1_27' title="bbox 462 3413 1037 3479; baseline -0.003 -14"><span class='ocrx_word' id='word_1_169' title='bbox 462 3415 600 3465; x_wconf 86' lang='lat' dir='ltr'>Entersere</span> <span class='ocrx_word' id='word_1_170' title='bbox 617 3413 665 3463; x_wconf 89' lang='lat' dir='ltr'>feri</span> <span class='ocrx_word' id='word_1_171' title='bbox 679 3414 784 3464; x_wconf 89' lang='lat' dir='ltr'>canenti</span> <span class='ocrx_word' id='word_1_172' title='bbox 801 3413 931 3479; x_wconf 86' lang='lat' dir='ltr'>egurgite</span> <span class='ocrx_word' id='word_1_173' title='bbox 947 3413 1037 3463; x_wconf 89' lang='lat' dir='ltr'>vultus</span> 
     </span>
     <span class='ocr_line' id='line_1_28' title="bbox 459 3503 1137 3571; baseline -0.007 -14"><span class='ocrx_word' id='word_1_174' title='bbox 459 3507 612 3571; x_wconf 83' lang='lat' dir='ltr'>Aequoreae</span> <span class='ocrx_word' id='word_1_175' title='bbox 628 3514 780 3556; x_wconf 89' lang='lat' dir='ltr'>monstrum</span> <span class='ocrx_word' id='word_1_176' title='bbox 797 3504 924 3554; x_wconf 89' lang='lat' dir='ltr'>Nereides</span> <span class='ocrx_word' id='word_1_177' title='bbox 940 3503 1102 3554; x_wconf 88' lang='lat' dir='ltr'>admirantes</span> <span class='ocrx_word' id='word_1_178' title='bbox 1118 3509 1137 3552; x_wconf 78' lang='lat'>².</span> 
     </span>
    </p>
   </div>
   <div class='ocr_carea' id='block_1_10' title="bbox 356 3698 1359 3948">
    <p class='ocr_par' dir='ltr' id='par_1_11' title="bbox 356 3698 1359 3948">
     <span class='ocr_line' id='line_1_29' title="bbox 356 3698 1188 3768; baseline -0.012 -10"><span class='ocrx_word' id='word_1_179' title='bbox 356 3737 362 3758; x_wconf 70' lang='lat'>0</span> <span class='ocrx_word' id='word_1_180' title='bbox 458 3704 552 3753; x_wconf 81' lang='lat' dir='ltr'>Sancte</span> <span class='ocrx_word' id='word_1_181' title='bbox 568 3718 643 3768; x_wconf 90' lang='lat' dir='ltr'>puer,</span> <span class='ocrx_word' id='word_1_182' title='bbox 659 3702 730 3753; x_wconf 89' lang='lat' dir='ltr'>curis</span> <span class='ocrx_word' id='word_1_183' title='bbox 744 3701 887 3752; x_wconf 87' lang='lat' dir='ltr'>hominum</span> <span class='ocrx_word' id='word_1_184' title='bbox 905 3700 951 3767; x_wconf 89' lang='lat' dir='ltr'>qui</span> <span class='ocrx_word' id='word_1_185' title='bbox 970 3699 1066 3767; x_wconf 86' lang='lat' dir='ltr'>gaudie</span> <span class='ocrx_word' id='word_1_186' title='bbox 1080 3698 1188 3749; x_wconf 85' lang='lat' dir='ltr'>misces.</span> 
     </span>
     <span class='ocr_line' id='line_1_30' title="bbox 1106 3785 1359 3852; baseline 0.008 -14"><span class='ocrx_word' id='word_1_187' title='bbox 1106 3788 1185 3851; x_wconf 80' lang='lat' dir='ltr'>(Cat,</span> <span class='ocrx_word' id='word_1_188' title='bbox 1200 3785 1289 3844; x_wconf 81' lang='lat' dir='ltr'>LlllV,</span> <span class='ocrx_word' id='word_1_189' title='bbox 1306 3785 1359 3852; x_wconf 81' lang='grc'>95.)</span> 
     </span>
     <span class='ocr_line' id='line_1_31' title="bbox 459 3879 1203 3948; baseline -0.009 -15"><span class='ocrx_word' id='word_1_190' title='bbox 459 3882 509 3934; x_wconf 83' lang='lat' dir='ltr'>Sed</span> <span class='ocrx_word' id='word_1_191' title='bbox 525 3882 612 3933; x_wconf 84' lang='lat' dir='ltr'>malus</span> <span class='ocrx_word' id='word_1_192' title='bbox 629 3881 674 3931; x_wconf 90' lang='lat' dir='ltr'>ille</span> <span class='ocrx_word' id='word_1_193' title='bbox 687 3896 761 3947; x_wconf 88' lang='lat' dir='ltr'>puer,</span> <span class='ocrx_word' id='word_1_194' title='bbox 778 3895 859 3948; x_wconf 90' lang='lat' dir='ltr'>quem</span> <span class='ocrx_word' id='word_1_195' title='bbox 875 3896 922 3932; x_wconf 89' lang='lat' dir='ltr'>nec</span> <span class='ocrx_word' id='word_1_196' title='bbox 938 3895 986 3932; x_wconf 88' lang='lat' dir='ltr'>sua</span> <span class='ocrx_word' id='word_1_197' title='bbox 1002 3879 1104 3930; x_wconf 87' lang='lat' dir='ltr'>flectere</span> <span class='ocrx_word' id='word_1_198' title='bbox 1119 3887 1203 3928; x_wconf 86' lang='lat' dir='ltr'>mater</span> 
     </span>
    </p>
   </div>
   <div class='ocr_carea' id='block_1_11' title="bbox 460 3969 1314 4093">
    <p class='ocr_par' dir='ltr' id='par_1_12' title="bbox 460 3969 1314 4093">
     <span class='ocr_line' id='line_1_32' title="bbox 460 3969 735 4036; baseline -0.007 -12"><span class='ocrx_word' id='word_1_199' title='bbox 460 3969 559 4024; x_wconf 88' lang='lat' dir='ltr'>Iratum</span> <span class='ocrx_word' id='word_1_200' title='bbox 573 3970 670 4036; x_wconf 85' lang='lat' dir='ltr'>potuit,</span> <span class='ocrx_word' id='word_1_201' title='bbox 687 3983 735 4022; x_wconf 72' lang='lat' dir='ltr'>etet</span> 
     </span>
     <span class='ocr_line' id='line_1_33' title="bbox 1149 4025 1314 4093; baseline -0.024 -13"><span class='ocrx_word' id='word_1_202' title='bbox 1149 4029 1225 4093; x_wconf 70' lang='lat' dir='ltr'>(Ciu,</span> <span class='ocrx_word' id='word_1_203' title='bbox 1244 4025 1314 4092; x_wconf 82' lang='lat'>133.)</span> 
     </span>
    </p>
   </div>
   <div class='ocr_carea' id='block_1_12' title="bbox 334 4112 1142 4361">
    <p class='ocr_par' dir='ltr' id='par_1_13' title="bbox 334 4112 1142 4361">
     <span class='ocr_line' id='line_1_34' title="bbox 334 4112 1099 4180; baseline -0.007 -18"><span class='ocrx_word' id='word_1_204' title='bbox 334 4125 361 4168; x_wconf 72' lang='lat' dir='ltr'>d,</span> <span class='ocrx_word' id='word_1_205' title='bbox 459 4113 570 4180; x_wconf 73' lang='grc' dir='ltr'>Νηρεΐδες</span> <span class='ocrx_word' id='word_1_206' title='bbox 586 4113 719 4160; x_wconf 59' lang='lat' dir='ltr'>duellorum</span> <span class='ocrx_word' id='word_1_207' title='bbox 734 4115 769 4161; x_wconf 74' lang='grc' dir='ltr'>ὑπ’</span> <span class='ocrx_word' id='word_1_208' title='bbox 787 4113 810 4168; x_wconf 76' lang='grc' dir='ltr'>ἐξ</span> <span class='ocrx_word' id='word_1_209' title='bbox 825 4115 889 4174; x_wconf 72' lang='grc' dir='ltr'><strong>ἁλὸς,</strong></span> <span class='ocrx_word' id='word_1_210' title='bbox 908 4115 930 4162; x_wconf 85' lang='lat' dir='ltr'>oi</span> <span class='ocrx_word' id='word_1_211' title='bbox 945 4112 1014 4178; x_wconf 71' lang='lat' dir='ltr'>d&#39;a&#39;t&#39;qu</span> <span class='ocrx_word' id='word_1_212' title='bbox 1027 4118 1099 4158; x_wconf 71' lang='lat' dir='ltr'>aliam</span> 
     </span>
     <span class='ocr_line' id='line_1_35' title="bbox 456 4205 964 4272; baseline 0 -19"><span class='ocrx_word' id='word_1_213' title='bbox 456 4211 556 4261; x_wconf 75' lang='grc' dir='ltr'>κητείοις</span> <span class='ocrx_word' id='word_1_214' title='bbox 570 4209 676 4252; x_wconf 73' lang='grc' dir='ltr'>νώτοισιν</span> <span class='ocrx_word' id='word_1_215' title='bbox 690 4205 803 4272; x_wconf 60' lang='lat' dir='ltr'>equitatur</span> <span class='ocrx_word' id='word_1_216' title='bbox 817 4205 964 4268; x_wconf 72' lang='grc' dir='ltr'>ἁντοχέοντο,</span> 
     </span>
     <span class='ocr_line' id='line_1_36' title="bbox 452 4294 1142 4361; baseline -0.003 -19"><span class='ocrx_word' id='word_1_217' title='bbox 452 4301 490 4342; x_wconf 69' lang='grc' dir='ltr'>καὶ</span> <span class='ocrx_word' id='word_1_218' title='bbox 505 4294 595 4350; x_wconf 60' lang='lat' dir='ltr'>abrutis</span> <span class='ocrx_word' id='word_1_219' title='bbox 607 4295 757 4359; x_wconf 62' lang='lat' dir='ltr'>qiupiiaurroe</span> <span class='ocrx_word' id='word_1_220' title='bbox 772 4297 838 4361; x_wconf 71' lang='grc' dir='ltr'><em>ὑπεὶρ</em></span> <span class='ocrx_word' id='word_1_221' title='bbox 854 4297 900 4343; x_wconf 65' lang='lat' dir='ltr'>ulit</span> <span class='ocrx_word' id='word_1_222' title='bbox 915 4299 1079 4355; x_wconf 68' lang='grc' dir='ltr'>Ἐννοσίγαιος,</span> <span class='ocrx_word' id='word_1_223' title='bbox 1095 4302 1142 4342; x_wconf 81' lang='lat' dir='ltr'>etc.</span> 
     </span>
    </p>
   </div>
   <div class='ocr_carea' id='block_1_13' title="bbox 714 4375 1361 4449">
    <p class='ocr_par' dir='ltr' id='par_1_14' title="bbox 714 4375 1361 4449">
     <span class='ocr_line' id='line_1_37' title="bbox 714 4375 1361 4449; baseline -0.019 -13"><span class='ocrx_word' id='word_1_224' title='bbox 714 4387 791 4448; x_wconf 79' lang='lat' dir='ltr'>(Cat,</span> <span class='ocrx_word' id='word_1_225' title='bbox 807 4386 895 4448; x_wconf 85' lang='lat' dir='ltr'>LXlV,</span> <span class='ocrx_word' id='word_1_226' title='bbox 916 4400 953 4449; x_wconf 76' lang='lat'>¹4.</span> <span class='ocrx_word' id='word_1_227' title='bbox 971 4383 1010 4436; x_wconf 86' lang='lat' dir='ltr'>cf.</span> <span class='ocrx_word' id='word_1_228' title='bbox 1031 4383 1165 4443; x_wconf 86' lang='lat' dir='ltr'>Moschus,</span> <span class='ocrx_word' id='word_1_229' title='bbox 1180 4379 1229 4428; x_wconf 69' lang='lat' dir='ltr'>stt.</span> <span class='ocrx_word' id='word_1_230' title='bbox 1243 4379 1273 4428; x_wconf 89' lang='lat' dir='ltr'>B.</span> <span class='ocrx_word' id='word_1_231' title='bbox 1293 4375 1361 4444; x_wconf 81' lang='lat'><em>118.)</em></span> 
     </span>
    </p>
   </div>
   <div class='ocr_carea' id='block_1_14' title="bbox 0 0 1572 5078">
    <p class='ocr_par' dir='ltr' id='par_1_15' title="bbox 0 0 1572 5078">
     <span class='ocr_line' id='line_1_38' title="bbox 0 0 1572 5078; baseline 0 0"><span class='ocrx_word' id='word_1_232' title='bbox 0 0 1572 5078; x_wconf 95' lang='lat' dir='ltr'> </span> 
     </span>
    </p>
   </div>
  </div>
 </body>
</html>
