3134 5082
324 521 345 570 2
673 526 721 573 DE
748 525 913 575 CARMINE
940 524 1036 575 CIRIS

365 645 470 714 Plura
494 646 630 735 quidem
651 648 774 717 horum
794 650 986 719 carminum
1013 665 1144 717 constat
1165 671 1207 717 ne
1231 667 1384 742 tempore

320 763 457 852 quidem
472 765 628 834 Maronis
642 783 779 835 exarata
798 750 870 837 esse
885 791 892 851 ;
914 790 992 837 cum
1005 769 1120 839 Aetna
1134 769 1281 859 profecto
1293 771 1383 841 intra

321 904 450 952 annum
459 885 580 954 LXIII
590 904 620 955 et
632 886 782 956 LXXIX
793 885 998 978 compositus
1007 883 1047 951 sit
1065 895 1087 966 ι;
1100 883 1285 954 haeautem
1295 888 1383 956 eclo-

320 1021 382 1090 gae
400 1000 452 1068 De
466 1003 541 1070 uiro
557 1001 641 1072 bono
659 1012 691 1070 et
702 1005 885 1094 prudente,
901 1002 953 1068 De
970 999 1016 1068 Ut
1029 1008 1061 1066 et
1074 999 1155 1067 Non
1169 1001 1380 1093 monosylla-

321 1113 384 1193 bis,
401 1115 453 1183 De
468 1117 561 1185 rosis
574 1117 801 1199 nascentibus,
823 1118 882 1186 Ad
902 1135 1063 1206 puerum,
1083 1115 1227 1205 tempori
1246 1133 1379 1188 tantum

319 1230 461 1300 adscribi
473 1233 614 1322 possint,
627 1255 695 1322 quo
710 1233 780 1302 iam
793 1255 863 1302 non
878 1229 1089 1300 mediocriter
1104 1218 1219 1321 lingua
1233 1253 1377 1304 romana

318 1346 597 1436 degeneraverat,
613 1348 721 1438 deque
739 1348 863 1440 Elegiis
883 1347 922 1415 ln
938 1345 1069 1414 obitum
1083 1345 1310 1432 Maecenatis,
1325 1351 1378 1418 De

315 1464 513 1533 Maecenate
525 1464 733 1533 moribundo
742 1485 810 1532 non
823 1462 1008 1548 dubitetur,
1017 1461 1099 1551 quin
1111 1483 1131 1528 a
1141 1462 1217 1531 rudi
1227 1464 1377 1552 quodam

239 1639 242 1646 .
314 1581 414 1671 primi
438 1581 562 1650 saeculi
586 1580 755 1650 tirunculo
781 1581 923 1672 scriptae
947 1579 1025 1648 sint.
1056 1579 1202 1670 Augusti
1225 1600 1306 1648 vero
1332 1581 1376 1650 ad

314 1719 447 1790 tempus
457 1696 625 1788 pertinent
641 1696 833 1777 Catalecta,
849 1695 977 1791 Lydia,
994 1693 1117 1773 Dirae,
1136 1695 1243 1786 Copa,
1260 1695 1373 1778 Ciris,

316 1815 427 1885 Culex
449 1834 481 1886 et
498 1819 689 1888 Moretum,
713 1819 859 1910 Copiam
877 1818 977 1910 igitur
1000 1818 1167 1887 habemus
1194 1817 1275 1886 satis
1299 1839 1374 1886 am·

282 2001 284 2006 .
311 1936 405 2025 plam
419 1954 451 2005 et
469 1937 595 2006 variam
615 1909 927 2028 Epigrammatum,
950 1935 1144 2026 Elegiarum
1158 1951 1190 2004 et
1209 1933 1292 2025 epici
1315 1955 1373 2023 ge·

311 2049 399 2119 neris
424 2051 638 2142 scriptorum,
665 2073 752 2142 quae
784 2072 917 2120 necesse
944 2067 993 2119 est
1016 2049 1140 2140 pariter
1168 2069 1207 2116 ac
1236 2071 1373 2120 summa

311 2189 414 2258 opera
430 2168 660 2258 inspiciamus,
683 2169 711 2238 si
732 2186 818 2238 recte
835 2169 994 2238 volumus
1015 2165 1163 2234 iudicare
1175 2165 1252 2255 quis
1275 2165 1373 2235 fuerit

309 2282 398 2351 illius
409 2284 532 2354 saeculi
546 2285 667 2372 cultus,
682 2308 771 2375 quae
782 2283 906 2370 studia,
918 2305 1005 2372 quae
1017 2282 1224 2351 humanitas.
1238 2280 1373 2370 Quodsi

309 2402 543 2472 auctoritatem
563 2404 714 2473 virorum
735 2402 1007 2472 doctissimorum
1026 2399 1129 2468 secuti
1150 2415 1208 2468 aut
1224 2396 1372 2488 Vergilio

211 2519 213 2522 ’
307 2518 478 2588 Catalecta
489 2521 663 2610 pleraque,
679 2517 812 2612 Copam
830 2538 862 2589 et
878 2521 1052 2587 Moretum
1067 2516 1249 2586 tribuimus
1264 2527 1291 2598 ²,
1311 2532 1371 2584 aut

306 2659 346 2703 eo
372 2658 439 2704 non
461 2635 597 2727 Indigna
622 2635 865 2724 existimamus,
887 2638 1015 2728 reliqua
1038 2661 1059 2706 a
1083 2633 1369 2706 versificatoribus

307 2752 382 2820 ficta
400 2770 479 2821 sunt
504 2752 729 2823 mediocribus
753 2755 920 2846 plerisque
945 2774 977 2826 et
996 2754 1206 2847 egregiorum
1222 2752 1368 2844 vestigiis

306 3025 405 3091 excipit
426 3024 511 3090 CirIs3
538 3028 698 3078 Vaticanum
717 3029 785 3080 3255
807 3031 942 3094 (saec.va
964 3027 1094 3095 Georgica
1115 3029 1243 3091 continet,
1269 3027 1367 3078 deinde

215 3162 219 3171 ,
305 3114 433 3175 Culicem,
447 3115 534 3176 Cirin,
551 3118 693 3178 Moretum,
706 3129 755 3172 etc.
766 3119 817 3184 (Cf.
833 3122 859 3171 S.
877 3121 1007 3180 Ribbeck,
1022 3121 1169 3187 Appeadt'x
1187 3120 1366 3186 Vergiliana.)

338 3221 360 3257 1.
385 3205 548 3271 Opinionem
575 3208 657 3270 hanc,
683 3225 765 3274 quam
797 3210 916 3261 defendit
944 3212 977 3262 0.
1003 3210 1124 3260 Ribbeck
1159 3211 1240 3276 (App.
1269 3208 1364 3273 Verg„

305 3295 385 3358 Proh,
400 3311 422 3346 c.
446 3295 465 3353 1.
486 3312 512 3361 p.
533 3296 579 3360 23)
600 3314 655 3348 non
672 3298 715 3348 his
738 3299 861 3366 refringit
873 3303 905 3350 A.
929 3301 1064 3350 Baehrens
1079 3301 1167 3370 (Poet.
1182 3300 1228 3349 lat.
1243 3299 1317 3355 mitt..
1333 3297 1363 3359 tt,

302 3398 328 3447 p.
345 3382 388 3449 31)
404 3399 410 3433 t
424 3402 437 3429 a
452 3383 530 3442 Quod
542 3385 625 3449 v.425
642 3401 701 3451 sqq.
715 3387 832 3451 regionis
847 3388 998 3452 Campanae
1011 3387 1066 3436 vim
1080 3386 1231 3438 vulcaniam
1249 3385 1365 3436 exstinc-

301 3481 355 3520 tam
370 3472 443 3531 dicit,
459 3472 557 3522 idcirco
578 3489 684 3525 necesse
706 3485 746 3526 est
770 3476 906 3542 scripserit
923 3487 985 3527 ante
1006 3491 1029 3527 a.
1051 3475 1084 3526 63
1108 3493 1132 3542 p.
1152 3475 1216 3527 Chr.
1241 3492 1279 3534 n.,
1301 3489 1362 3525 cum

302 3559 364 3609 inde
391 3560 424 3610 ab
448 3561 498 3610 hoc
522 3570 642 3627 tempore
668 3563 759 3628 ignem
787 3567 923 3631 sepultum
949 3565 1057 3616 Vesuvii
1080 3582 1196 3632 oraeque
1217 3563 1363 3615 adIacentis

301 3649 501 3700 rescuscitatum
515 3665 572 3700 esse
584 3651 743 3702 certissimis
756 3653 850 3719 signis,
865 3665 948 3704 terrae
961 3654 1088 3713 motibus,
1102 3663 1260 3719 cognossent
1275 3671 1298 3702 n.

332 3753 356 3787 2.
370 3739 407 3788 De
418 3748 525 3788 auctore
545 3739 633 3803 Copae
650 3742 735 3790 nostri
762 3743 893 3808 temporis
914 3743 1084 3808 grammatici
1106 3743 1159 3793 fere
1174 3757 1267 3793 omnes
1282 3740 1363 3791 dubl-

300 3835 367 3886 tant,
382 3843 473 3894 quam,
487 3839 516 3878 ut
531 3840 639 3894 propter
656 3831 801 3895 perfectam
816 3835 967 3884 orationem
979 3835 1011 3884 ad
1024 3835 1154 3900 optImam
1168 3833 1257 3900 poesis
1269 3837 1361 3882 roma-

300 3933 348 3966 nae
366 3928 478 3968 aetatem
490 3917 618 3980 referunt,
630 3918 667 3970 ita
680 3932 788 3986 propter
801 3923 924 3988 proprias
945 3923 1057 3973 virtutes
1068 3923 1189 3988 Vergilio
1201 3923 1361 3972 abiudicant.

298 4006 430 4059 Moratum
446 4008 563 4073 Vergilio
579 4009 745 4061 confidenter
760 4013 855 4062 tribuit
875 4014 911 4063 Ο.
936 4013 1063 4072 Ribbeck,
1084 4013 1128 4063 alii
1144 4023 1247 4062 tantum
1266 4011 1364 4078 primis

297 4107 357 4160 post
371 4096 511 4147 Christum
524 4110 617 4148 natum
631 4101 768 4152 decenniis
786 4103 932 4153 vindicant.
951 4103 1029 4162 Quod
1043 4104 1076 4154 ad
1097 4104 1227 4167 Culicem,
1239 4099 1360 4152 eiusdem

278 4186 465 4244 ‚sententiam
481 4187 583 4237 Maroni
597 4204 705 4240 carmen
722 4192 774 4242 hoc
795 4191 949 4249 tribuentis,
964 4207 1019 4242 non
1037 4192 1229 4258 approbamus;
1248 4189 1293 4240 sed
1310 4203 1359 4253 po-

295 4273 350 4325 tius
370 4275 487 4325 Aemilio
503 4274 637 4328 Eaehrens
659 4280 823 4330 assentimur
844 4280 877 4330 ab
900 4281 992 4345 ignoto
1013 4279 1141 4345 scriptore
1164 4280 1284 4332 Culicem
1305 4277 1360 4328 fere

294 4365 360 4416 circa
375 4379 398 4415 a.
417 4364 448 4414 30
460 4380 483 4415 a.
500 4364 565 4415 Chr.
588 4382 615 4416 n.
632 4369 814 4434 compositum
830 4367 970 4419 iudicanti.

719 4637 866 4769 ἐι
