3140 5072
554 501 556 506 “
625 492 809 544 APPENDIX

313 623 392 681 (Nam
410 629 435 670 te
452 618 553 679 iactari,
568 633 620 667 non
633 629 673 667 est
687 616 847 667 Amathusia
860 614 943 665 nostri

312 711 380 759 Tam
396 707 470 756 rudis
486 717 515 756 ut
529 706 604 756 nullo
621 707 721 770 possim
739 719 898 771 cognoscere
912 703 1012 769 signo),

314 799 340 847 Si
359 811 501 846 concessus
516 811 591 845 amor
608 807 672 845 noto
686 806 711 844 te
727 804 840 844 macerat
860 793 927 858 igni,

317 888 363 936 Per
375 885 423 934 tibi
439 885 586 950 Dictynnae
601 884 750 950 praesentia
765 882 875 932 numina
891 883 958 942 iuro,

317 977 404 1025 Prima
420 975 502 1024 decus
516 989 584 1040 quae
599 975 676 1024 dulce
688 973 757 1022 mihi
775 984 799 1022 te
814 972 894 1022 donat
910 972 1057 1034 alumnam,

315 1063 414 1113 Omnia
432 1078 474 1110 me
489 1063 579 1127 potius
595 1063 676 1128 digna
687 1073 768 1128 atque
782 1061 893 1126 indigna
909 1061 1032 1112 laborum

315 1153 388 1202 Milia
401 1152 519 1202 visuram
534 1167 615 1216 quam
634 1162 725 1202 tetam
740 1151 863 1201 tristibus
880 1149 941 1200 istis

314 1240 444 1291 Sardibus
460 1250 485 1288 et
496 1240 570 1290 senio
587 1240 671 1305 patiar
688 1240 822 1289 tabescere
837 1237 902 1288 tali³.

344 1333 413 1382 llaec
428 1332 557 1398 loquitur,
576 1331 708 1396 mollique
726 1343 754 1381 ut
769 1346 797 1380 se
816 1329 912 1379 velavit
925 1327 1036 1383 amictu.

315 1421 480 1486 Frigidulam
496 1421 592 1470 iniecta
606 1420 754 1470 circumdat
767 1429 838 1469 veste
854 1417 981 1482 puellam,

314 1511 388 1569 Quae
402 1509 478 1574 prius
493 1510 520 1558 in
535 1509 609 1559 tenui
625 1517 730 1558 steterat
746 1508 879 1558 succincta
894 1514 1008 1556 crocota.

315 1599 409 1649 Dulcia
421 1598 518 1648 deinde
532 1598 608 1662 genis
622 1597 776 1647 rorantibus
788 1596 878 1646 oscula
892 1593 977 1660 figens

318 1688 489 1753 Persequitur
503 1687 616 1736 miserae
629 1701 723 1736 causas
735 1686 874 1751 exquirere
890 1685 969 1747 tabia,

319 1776 372 1824 Nec
387 1785 476 1824 tamen
491 1785 552 1824 ante
570 1775 637 1824 ullas
655 1774 754 1839 patitur
771 1774 822 1824 sibi
839 1774 948 1824 reddere
960 1788 1037 1824 voces

315 1866 494 1913 Marmoreum
510 1863 685 1913 tremebunda
699 1863 793 1928 pedem
809 1879 890 1929 quam
904 1864 1006 1913 rettulit
1019 1863 1099 1913 intra.

314 1954 359 2002 llla
374 1964 464 2002 autem
478 1951 552 2015 cquid
569 1963 620 2002 me³
634 1951 723 2017 inquit
740 1951 774 2001 ‘io
790 1951 932 2015 nutricula,
949 1951 1079 2017 torques?

312 2042 383 2102 Quid
400 2050 504 2091 tantum
517 2055 642 2106 properas
658 2051 764 2090 nostros
776 2040 881 2090 novisse
895 2039 1019 2091 furores?

314 2135 374 2183 Non
388 2148 437 2198 ego
449 2139 576 2181 consueto
591 2128 747 2178 mortalibus
763 2144 826 2178 uror
842 2144 942 2189 amore,

317 2224 370 2273 Nec
387 2221 455 2271 mihi
471 2230 595 2268 notorum
611 2217 755 2266 deflectunt
767 2217 871 2266 lumina
886 2218 985 2279 vultus,

315 2312 368 2361 Nec
385 2310 491 2375 genitor
505 2307 576 2357 cordi
591 2315 631 2356 est
647 2323 653 2355 ε
668 2308 739 2356 ultro
755 2321 871 2370 namque
883 2307 991 2356 odimus
1005 2322 1110 2358 omnes,

313 2401 358 2450 Nil
373 2408 444 2449 amat
461 2397 504 2446 hic
523 2396 642 2452 animus,
659 2394 758 2456 nutrix,
774 2397 846 2460 quod
859 2404 963 2460 oportet
979 2395 1073 2459 amari,

313 2492 365 2547 Nil.
380 2506 434 2556 quo
451 2489 516 2538 falsa
533 2498 623 2538 tamen
638 2488 717 2537 lateat
731 2487 835 2551 pietatis
850 2488 956 2552 imago;

318 2580 367 2630 Sed
384 2579 472 2628 media
488 2593 519 2626 ex
535 2577 591 2627 acie
606 2576 755 2640 mediisque
769 2591 800 2626 ex
814 2575 950 2639 hostibus,
965 2576 1044 2636 eheu,

312 2668 384 2728 Quid
400 2667 485 2716 dicam
500 2681 586 2730 quove
599 2681 663 2715 ausa
679 2666 781 2715 malum
796 2665 846 2714 hoc
861 2664 984 2716 exordiar
997 2664 1060 2714 ore?

313 2757 405 2807 Dicam
420 2756 555 2822 equidem,
568 2754 752 2820 quoniamque
764 2753 811 2803 tibi
829 2769 884 2803 non
899 2754 995 2817 dicere,
1012 2754 1112 2814 nutrix,

315 2846 372 2895 Non
388 2845 465 2902 sinis,
480 2854 630 2892 extremum
646 2843 697 2893 hoc
712 2858 812 2893 munus
828 2842 969 2892 morientis
983 2842 1091 2894 habeto.

314 2934 361 2983 Ille
376 2933 479 2998 (vides),
499 2932 599 2982 nostris
615 2933 662 2998 qui
678 2933 821 2983 moenibus
833 2932 937 2983 adsidet
952 2932 1050 2993 hostis,

316 3022 401 3080 Quem
419 3033 494 3086 pater
509 3021 566 3087 ipse
579 3023 659 3071 deum
674 3022 770 3087 sceptri
785 3022 896 3072 donavit
912 3023 1024 3088 honore,

313 3110 363 3161 Cui
382 3126 474 3176 parcae
490 3111 608 3160 tribuere
621 3126 670 3161 nec
684 3112 739 3160 ullo
751 3112 862 3163 vulnere
878 3113 946 3164 laedi

314 3200 472 3258 (Dicendum
490 3209 540 3262 est,
554 3198 651 3260 frustra
664 3185 847 3250 circumvehor
862 3200 954 3251 omnia
970 3203 1072 3266 verbis),

314 3290 361 3338 llle
377 3303 443 3353 mea,
464 3289 509 3338 ille
523 3288 594 3338 idem
609 3299 746 3354 oppugnat
764 3288 915 3354 praecordia
932 3290 1031 3342 Minos.

314 3379 401 3443 Quod,
419 3389 443 3428 te
461 3393 507 3443 per
520 3377 615 3427 divum
630 3378 737 3428 crebros
751 3388 881 3428 testamur
897 3392 1002 3429 amores

313 3469 416 3533 Perque
430 3477 507 3517 tuum
521 3469 634 3518 memori
651 3478 771 3518 sanctum
789 3468 857 3517 mihi
873 3480 964 3534 pectus
979 3469 1112 3533 alumnae,
1154 3471 1158 3480 ”

312 3556 348 3607 Ut
362 3572 405 3606 me
420 3557 441 3606 si
457 3572 560 3607 servare
575 3568 650 3622 potes
668 3573 701 3608 ne
712 3559 821 3622 perdere
833 3558 926 3624 malis3

311 3646 358 3696 Sin
373 3656 461 3696 autem
474 3659 578 3712 optatae
591 3663 651 3713 spes
666 3659 705 3699 est
720 3648 803 3698 incisa
817 3649 919 3713 salucia,

310 3733 350 3782 Ne
365 3732 432 3783 mihi
445 3750 526 3800 quam
542 3737 627 3786 merui
641 3737 770 3796 invideas,
786 3737 925 3797 nutricula,
942 3748 1066 3789 mortem.

311 3822 378 3872 Nam
393 3823 444 3872 nisi
460 3833 486 3873 te
500 3825 578 3874 nobis
594 3828 690 3891 malus,
706 3842 722 3876 o
737 3827 833 3889 malus,
849 3829 950 3892 optima
965 3828 1069 3887 Carme.

310 3909 380 3962 Ante
395 3912 467 3962 hunc
479 3926 651 3980 conspectum
667 3931 775 3967 casusve
785 3917 883 3966 deusve
897 3917 1011 3976 tulisset,

311 4004 365 4052 Aut
375 4002 443 4053 ferro
459 4004 518 4053 hoc³
529 4006 623 4070 (aperit
637 4007 737 4056 ferrum
752 4007 823 4073 quod
838 4017 910 4057 veste
924 4008 1031 4072 latebat)
1195 4014 1244 4061 280

314 4093 493 4158 ‘Purpureum
509 4096 592 4160 patris
606 4095 783 4160 dempsissem
797 4096 895 4147 vertice
912 4079 1013 4148 crinem

310 4187 365 4236 Aut
379 4185 447 4235 mihi
461 4183 592 4249 praesenti
605 4184 767 4248 peperissem
781 4186 891 4236 vulnere
903 4186 1005 4236 letumt.

344 4274 393 4325 Vix
409 4274 471 4324 haec
485 4272 612 4334 ediderat,
630 4287 691 4321 cum
706 4273 780 4324 clade
790 4274 913 4324 exterrita
925 4275 995 4325 tristi

311 4362 435 4414 Intonsos
453 4365 539 4414 multo
553 4363 673 4426 deturpat
689 4363 796 4428 pulvere
809 4364 895 4415 crines
