3140 5072
292 492 339 566 62
641 511 690 560 uu
716 509 882 562 cnnurue
909 510 1005 564 crtus

291 633 603 732 propriumaliquid
615 634 724 702 alieno
735 635 919 722 addidit,et
930 635 1039 706 aliena
1050 641 1355 711 commentatebus

292 754 384 825 auxit
397 776 417 822 a
431 775 466 820 se
482 752 554 841 ipso
571 748 785 843 excogitatis?
810 750 965 818 Forsitan
987 773 1125 821 causam
1149 754 1220 844 ipse
1244 757 1352 846 finxit,

292 870 381 938 unde
399 886 512 936 ortum
534 887 604 931 esse
621 863 719 931 refert
735 862 866 954 Scyllae
886 865 1119 954 parricidium,
1143 869 1265 941 scilicet
1284 873 1355 942 vio·

291 989 397 1055 latam
427 982 471 1065 ab
493 979 596 1048 inscia
626 979 765 1047 lunonis
794 981 908 1048 sedem
938 1005 946 1050 :
978 1004 1065 1071 quae
1100 1005 1203 1079 causa
1228 986 1353 1076 alioqui

292 1126 359 1171 non
377 1118 464 1171 recte
481 1100 615 1166 inventa
638 1115 699 1183 est,
715 1098 877 1186 quoniam
897 1099 997 1168 ludus
1018 1100 1154 1190 puerilis
1172 1125 1240 1171 non
1259 1103 1353 1172 vide-

290 1236 346 1287 tur
364 1236 509 1308 poenam
525 1231 596 1281 tam
610 1229 757 1281 atrocem
773 1214 902 1282 mereri.
927 1215 1084 1284 Forsitan
1101 1217 1203 1285 etiam
1218 1219 1351 1287 Moschi

291 1333 428 1425 vestigia
441 1330 533 1420 sequi
551 1330 667 1414 voluit,
681 1331 736 1418 qui
752 1348 936 1418 antequam
951 1349 1086 1423 raptam
1103 1357 1123 1401 a
1140 1335 1219 1403 Iove
1232 1357 1351 1404 narra·

292 1452 340 1520 vit
360 1450 532 1537 Europen,
552 1444 722 1514 ludentem
748 1467 824 1513 eam
845 1468 923 1513 cum
940 1448 1140 1536 aequalibus
1158 1449 1309 1539 depinxit
1328 1457 1351 1517 ¹.

292 1566 432 1655 Quanto
457 1563 578 1631 melius
600 1561 661 1630 fuit
695 1585 847 1630 amorem
880 1564 1010 1652 puellae
1033 1565 1241 1650 describere,
1268 1589 1355 1655 quo-

292 1681 395 1752 modo
408 1696 507 1748 natus
521 1679 576 1765 sit,
594 1677 767 1767 quomodo
786 1679 924 1746 creverit
947 1680 1070 1758 sensim
1093 1698 1124 1749 et
1144 1698 1255 1748 totum
1278 1681 1353 1748 ani-

292 1820 389 1867 mum
405 1793 616 1886 occupaverit
636 1794 739 1884 (quod
762 1793 794 1861 in
811 1795 965 1862 Ariadna
986 1796 1063 1864 fecit
1085 1789 1252 1882 Catullus,
1267 1795 1354 1865 Ovi·

291 1914 367 1983 dius
382 1913 414 1980 in
432 1909 572 2001 Scylla),
583 1931 686 1999 quam
702 1909 988 2000 miserae'puellae
1004 1911 1113 2003 ignem
1125 1912 1249 2002 pectori
1263 1913 1354 1980 Deae

291 2031 383 2099 iussu
403 2051 442 2097 ac
461 2028 601 2096 numine
616 2025 767 2094 afflatum
784 2043 815 2093 et
830 2028 942 2094 statim
957 2027 1111 2096 adultum
1128 2029 1355 2117 violenterque

291 2145 486 2238 gliscentem
522 2143 718 2211 ostendere!
749 2141 843 2230 Quin
877 2142 1079 2210 adducimur
1112 2160 1148 2212 ut
1176 2144 1353 2212 credamus

289 2259 479 2352 peccavisse
500 2281 579 2327 eum
605 2256 709 2325 nimia
732 2255 887 2345 cupidine
907 2255 1018 2345 operis
1043 2256 1159 2325 fabula
1185 2274 1243 2326 aut
1262 2280 1352 2326 nova

290 2377 480 2447 autminus
499 2375 635 2466 vulgata
658 2371 851 2440 decorandi.
1297 2351 1299 2356 ¹

336 2491 420 2560 Inde
436 2486 633 2582 gravissima
656 2503 735 2554 nata
756 2502 835 2554 sunt
857 2485 1015 2554 carminis
1034 2485 1126 2555 vitia.
1151 2487 1243 2556 Dum
1259 2487 1351 2558 enim

226 2663 229 2670 .
291 2628 369 2678 nota
394 2608 476 2676 vitat
494 2623 526 2674 et
549 2604 678 2672 rariora
703 2604 849 2691 allectat,
871 2625 962 2686 nunc
986 2604 1152 2695 copiosior
1175 2624 1237 2692 est,
1262 2627 1353 2674 nunc

289 2729 434 2814 ieiunus,
451 2742 488 2794 ut
505 2725 631 2792 iustum
651 2722 745 2791 illum
769 2722 924 2791 ordinem
946 2721 1070 2790 frustra
1095 2723 1260 2812 requiras,
1284 2744 1352 2812 quo

291 2844 384 2913 nulla
399 2843 434 2910 in
450 2856 545 2931 parte
555 2837 665 2929 operis
679 2836 764 2905 desit
776 2821 973 2926 quicquam,
990 2854 1049 2906 aut
1063 2838 1239 2906 redundet.
1255 2835 1354 2927 Opti·

290 2979 426 3028 morum
450 2972 499 3024 est
528 2955 741 3044 scriptorum,
773 2975 1025 3043 quamcumque
1054 2953 1233 3022 materiam
1261 2971 1350 3022 trac-

289 3090 376 3159 tant,
391 3073 436 3141 ita
451 3071 615 3162 quidquid
636 3092 770 3139 necesse
793 3089 856 3157 est,
875 3069 1009 3159 copiose
1022 3069 1221 3159 exprimere,
1243 3087 1352 3138 cetera

290 3189 341 3258 vel
353 3189 505 3257 omittere
523 3188 574 3256 vel
596 3186 712 3277 paucis
731 3186 968 3277 perstringere,
994 3203 1030 3254 ut
1056 3186 1194 3277 legentis
1216 3185 1352 3254 animus

290 3304 372 3374 nihil
396 3325 561 3394 umquam
583 3302 731 3371 fastidiat
753 3325 813 3370 nec
837 3302 1013 3370 desideret.
1043 3303 1174 3371 Eadem
1197 3303 1280 3369 haec
1302 3318 1353 3369 est

289 3421 395 3490 virtus
433 3419 619 3487 Bucolicon
657 3435 689 3487 et
722 3418 903 3486 Aeneidos.
942 3417 1012 3506 Qui
1049 3437 1163 3486 autem
1202 3417 1352 3486 minores

186 3519 192 3542 i
290 3554 368 3605 sunt
388 3535 522 3627 ingenio
546 3552 579 3604 et
598 3553 682 3622 arte,
702 3552 806 3604 semet
821 3533 912 3626 ipsos
937 3553 1109 3625 nequeunt
1128 3535 1225 3603 rectis
1244 3532 1352 3601 conti·

290 3674 368 3720 nere
393 3650 529 3736 finibus,
545 3651 602 3717 sed
628 3649 715 3717 trahi
742 3651 828 3718 ultra
853 3650 961 3718 solent
982 3649 1179 3735 ambitione,
1206 3669 1352 3737 cumque

289 3767 385 3836 tritas
397 3766 468 3834 vias
487 3765 633 3856 fugiunt,
658 3765 830 3833 libidinem
850 3764 962 3856 potius
983 3788 1088 3856 quam
1107 3765 1273 3834 rationem
1297 3785 1351 3831 se-

289 3900 440 3973 quuntur
454 3882 486 3949 in
500 3881 610 3970 operis
623 3880 775 3970 partibus
789 3880 996 3948 ordinandis.
1020 3880 1120 3969 Quae
1146 3904 1214 3949 non
1238 3877 1353 3968 effugit

289 3997 377 4067 Ciris
391 3991 510 4065 auctor
527 4019 534 4064 :
552 4017 656 4085 prope
675 3994 793 4084 quinta
812 4017 890 4085 pars
904 3995 1063 4062 carminis
1075 3993 1251 4085 prooemio
1264 4013 1353 4064 tene-

325 4280 348 4315 r.
369 4261 506 4324 Moschus,
529 4259 648 4327 Europe,
672 4259 758 4324 28-37
776 4260 836 4324 (Ed.
852 4259 994 4320 Gaisford),
1012 4261 1115 4312 Poetae
1133 4262 1259 4323 minoret,
1274 4270 1292 4312 t.
1308 4261 1341 4311 lV

290 4371 319 4418 r·
338 4355 410 4417 254)·
