3140 5072
312 481 361 554 60
661 505 709 553 na
736 503 903 554 canutus
929 503 1025 554 enus

312 630 411 720 elegis
425 630 536 720 epicas
552 630 686 698 fabulas
699 630 977 716 commiscebant,
994 649 1029 699 ut
1045 631 1199 700 Catullus
1213 631 1247 698 in
1257 629 1377 720 Elegia

313 749 356 815 ad
372 747 540 816 Manlium
558 774 573 809 «
586 745 691 834 Quod
703 745 786 813 mihi
802 746 979 815 fortuna...
996 776 1012 810 »
1024 747 1231 816 Laodamiae
1241 767 1378 814 amores

312 862 446 949 cecinit,
464 879 500 929 ut
514 861 556 930 C.
575 859 676 930 Gallo
692 860 894 928 Parthenius
909 861 1064 930 historias
1085 863 1229 954 collegit,
1251 860 1376 950 quibus

311 977 365 1045 ille
374 977 525 1046 carmina
537 999 599 1045 sua
612 993 805 1062 exornaret,
816 994 853 1044 ut
865 976 1023 1044 Tibullus
1035 977 1105 1068 ipse
1116 977 1282 1069 Sibyllam
1296 1000 1374 1046 cum

311 1095 428 1162 Aenea
448 1093 483 1160 in
500 1092 654 1183 Elegiam
676 1119 692 1154 α
713 1091 851 1161 Phoebe
865 1093 939 1162 fave
956 1122 971 1156 »
997 1095 1041 1161 ad
1060 1094 1295 1162 Messallinum
1312 1097 1376 1162 ad-

311 1210 421 1296 misit,
438 1210 529 1298 quod
547 1230 617 1277 non
639 1209 741 1276 semel
755 1226 787 1276 et
802 1211 998 1301 Propertius
1017 1208 1115 1277 fecit¹
1141 1228 1173 1278 et
1196 1211 1231 1279 in
1251 1211 1376 1281 Tristi-

312 1323 376 1393 bus
391 1322 535 1394 Ovidius
553 1345 560 1390 :
578 1345 668 1392 nunc
686 1325 858 1416 elegorum
876 1325 998 1416 opibus
1014 1324 1195 1394 utebantur
1210 1328 1268 1417 qui
1282 1329 1376 1419 epica

312 1440 506 1532 pangebant
520 1441 688 1527 carmina,
705 1458 743 1509 ut
765 1441 854 1510 idem
878 1442 913 1511 in
936 1443 1256 1535 Metamorphoseon
1282 1444 1377 1513 libris

313 1555 471 1644 Ovidius,
495 1573 533 1625 ut
552 1575 650 1626 antea
675 1557 829 1627 Catullus
852 1558 885 1626 in
906 1560 1028 1650 epyllio
1055 1561 1147 1650 quod
1170 1562 1376 1630 memoravi-

313 1696 405 1761 muS,
424 1691 461 1741 ut
476 1692 589 1742 noster
602 1672 746 1763 denique
761 1674 795 1742 in
810 1672 890 1744 Ciri.

358 1791 426 1858 Hic
452 1789 542 1858 enim
563 1812 639 1858 vere
658 1790 969 1861 Alexandrinorum
991 1792 1174 1883 discipulus
1196 1816 1277 1862 cum
1302 1796 1376 1866 aliis

311 1905 413 1975 rebus
428 1905 596 1973 invenitur
609 1921 684 1973 tum
697 1905 833 1973 scientia
844 1906 911 1974 sive
923 1923 1075 1975 veterum
1089 1907 1296 1994 fabularum,
1306 1910 1376 1978 sive

314 2023 466 2091 locorum
476 2038 508 2089 et
521 2020 708 2112 regionum.
721 2021 787 2088 His
801 2023 892 2090 enim
905 2017 1026 2113 opibus
1039 2024 1153 2093 utendi
1165 2025 1296 2094 nullam
1309 2027 1378 2094 sere

313 2139 436 2207 omittit
445 2139 675 2225 occasionem,
691 2139 730 2207 iis
744 2141 845 2206 etiam
858 2160 925 2208 non
941 2162 1073 2231 semper
1085 2141 1131 2209 ita
1142 2142 1259 2229 utitur,
1271 2160 1309 2211 ut
1322 2143 1376 2210 ni-

314 2256 362 2324 hil
377 2256 529 2324 videatur
544 2254 651 2322 dicere
666 2256 757 2343 quod
773 2277 842 2323 non
857 2258 900 2324 ad
917 2257 1131 2346 propositum
1145 2274 1282 2347 spectet,
1294 2259 1377 2327 nihil

313 2395 372 2464 per
392 2371 613 2440 ambitionem
632 2371 840 2461 nimiamque
859 2373 1032 2441 doctrinae
1051 2396 1132 2441 suae
1154 2376 1377 2444 ostentandae

314 2488 485 2578 cupidine.
499 2487 634 2573 Unum,
645 2487 788 2578 exempli
804 2487 924 2578 gratia,
936 2489 1048 2558 locum
1069 2488 1300 2580 inspiciamus,
1316 2491 1376 2561 ubi

311 2603 432 2672 urbem
447 2604 625 2695 Megaram
639 2603 806 2672 describit.
828 2603 921 2692 Quid
935 2606 1027 2673 enim
1046 2605 1128 2674 haec
1142 2608 1186 2674 ad
1202 2601 1273 2675 r'etn
1291 2632 1298 2675 :

805 2825 925 2877 Candida
937 2827 1034 2878 Thesei

466 2915 611 2984 Purpureis
627 2917 678 2966 late
689 2915 802 2966 ridentia
819 2915 923 2966 littora?

239 3219 241 3224 Ι
310 3118 391 3210 quid
410 3118 474 3186 hoc
492 3115 650 3186 contulit:
679 3072 681 3076 v

465 3317 571 3381 Megara
585 3312 707 3364 Alcathoi
722 3313 860 3379 quondam
874 3313 978 3362 munita
991 3313 1081 3364 labore

462 3403 585 3456 Alcathoi
599 3403 769 3468 Phoebique3
786 3401 852 3452 deus
865 3416 982 3467 namque
995 3401 1081 3452 adfuit
1092 3403 1146 3453 illi?
1172 3435 1173 3440 =

354 3604 481 3673 Nonne
496 3619 668 3692 praeterea
683 3598 864 3668 verborum
882 3599 955 3689 ipsa
975 3598 1142 3668 ieiunitate
1161 3617 1193 3668 et
1212 3601 1374 3670 orationis

309 3720 462 3810 quadam
495 3716 672 3807 asperitate
705 3714 909 3806 significatur
940 3733 1068 3804 quanto
1098 3716 1240 3784 summis
1265 3717 1374 3807 poetis

306 3833 572 3905 nosterinferior
587 3833 651 3901 sit?
664 3830 759 3920 Quin
778 3831 881 3898 etiam
896 3829 978 3898 haec
989 3830 1083 3899 addit
1098 3854 1183 3922 quae
1196 3832 1277 3923 quid
1292 3854 1373 3923 pro-

306 3953 372 4022 sint
393 3975 462 4020 non
481 3949 577 4019 facile
594 3949 818 4044 intellegitur:

463 4156 542 4208 Unde
555 4154 636 4204 etlam
654 4151 770 4202 citharae
783 4164 860 4200 voces
875 4147 997 4198 imitatus
1010 4159 1100 4200 acutas

342 4382 363 4416 t.
379 4367 467 4430 Prop,
481 4365 499 4425 1,
514 4379 560 4426 203
575 4363 616 4423 lll,
637 4361 676 4410 15.
