<?xml version="1.0" encoding="UTF-8"?>
<!DOCTYPE html PUBLIC "-//W3C//DTD XHTML 1.0 Transitional//EN"
    "http://www.w3.org/TR/xhtml1/DTD/xhtml1-transitional.dtd">
<html xmlns="http://www.w3.org/1999/xhtml" xml:lang="en" lang="en">
 <head>
  <title>
</title>
<meta http-equiv="Content-Type" content="text/html;charset=utf-8" />
  <meta name='ocr-system' content='tesseract 3.04.00' />
  <meta name='ocr-capabilities' content='ocr_page ocr_carea ocr_par ocr_line ocrx_word'/>
</head>
<body>
  <div class='ocr_page' id='page_1' title='image "./decarmineciris00waltgoog_0086.png"; bbox 0 0 3140 5072; ppageno 0'>
   <div class='ocr_carea' id='block_1_1' title="bbox 565 481 1274 578">
    <p class='ocr_par' dir='ltr' id='par_1_1' title="bbox 565 481 1274 578">
     <span class='ocr_line' id='line_1_1' title="bbox 565 481 1274 578; baseline 0 -25"><span class='ocrx_word' id='word_1_1' title='bbox 565 505 614 553; x_wconf 81' lang='lat' dir='ltr'>nu</span> <span class='ocrx_word' id='word_1_2' title='bbox 639 502 807 553; x_wconf 74' lang='lat' dir='ltr'>cnunrua</span> <span class='ocrx_word' id='word_1_3' title='bbox 832 502 929 553; x_wconf 83' lang='lat' dir='ltr'>crtus</span> <span class='ocrx_word' id='word_1_4' title='bbox 1227 481 1274 578; x_wconf 86' lang='lat'>69</span> 
     </span>
    </p>
   </div>
   <div class='ocr_carea' id='block_1_2' title="bbox 368 627 1120 782">
    <p class='ocr_par' dir='ltr' id='par_1_2' title="bbox 368 627 1120 782">
     <span class='ocr_line' id='line_1_2' title="bbox 372 627 1120 694; baseline 0 -16"><span class='ocrx_word' id='word_1_5' title='bbox 372 629 433 678; x_wconf 87' lang='lat' dir='ltr'>Non</span> <span class='ocrx_word' id='word_1_6' title='bbox 448 628 538 677; x_wconf 90' lang='lat' dir='ltr'>minus</span> <span class='ocrx_word' id='word_1_7' title='bbox 552 628 597 678; x_wconf 88' lang='lat' dir='ltr'>illa</span> <span class='ocrx_word' id='word_1_8' title='bbox 609 637 698 678; x_wconf 83' lang='lat' dir='ltr'>tamen</span> <span class='ocrx_word' id='word_1_9' title='bbox 715 627 805 677; x_wconf 85' lang='lat' dir='ltr'>revehi</span> <span class='ocrx_word' id='word_1_10' title='bbox 819 627 891 694; x_wconf 78' lang='lat' dir='ltr'>quod</span> <span class='ocrx_word' id='word_1_11' title='bbox 908 629 1015 678; x_wconf 86' lang='lat' dir='ltr'>moenia</span> <span class='ocrx_word' id='word_1_12' title='bbox 1026 628 1120 678; x_wconf 79' lang='lat' dir='ltr'>Cressa</span> 
     </span>
     <span class='ocr_line' id='line_1_3' title="bbox 368 714 1077 782; baseline -0.001 -15"><span class='ocrx_word' id='word_1_13' title='bbox 368 714 490 767; x_wconf 71' lang='lat' dir='ltr'>⁴Gaudeat</span> <span class='ocrx_word' id='word_1_14' title='bbox 505 734 512 766; x_wconf 75' lang='grc' dir='ltr'>ι</span> <span class='ocrx_word' id='word_1_15' title='bbox 527 727 552 766; x_wconf 88' lang='lat' dir='ltr'>et</span> <span class='ocrx_word' id='word_1_16' title='bbox 568 717 651 766; x_wconf 88' lang='lat' dir='ltr'>cineri</span> <span class='ocrx_word' id='word_1_17' title='bbox 667 717 751 782; x_wconf 86' lang='lat' dir='ltr'>patria</span> <span class='ocrx_word' id='word_1_18' title='bbox 761 727 800 766; x_wconf 82' lang='lat' dir='ltr'>est</span> <span class='ocrx_word' id='word_1_19' title='bbox 815 716 928 766; x_wconf 89' lang='lat' dir='ltr'>iucunda</span> <span class='ocrx_word' id='word_1_20' title='bbox 942 717 1046 782; x_wconf 90' lang='lat' dir='ltr'>sepulto</span> <span class='ocrx_word' id='word_1_21' title='bbox 1059 720 1077 766; x_wconf 89' lang='lat'>¹.</span> 
     </span>
    </p>
   </div>
   <div class='ocr_carea' id='block_1_3' title="bbox 153 886 1345 4232">
    <p class='ocr_par' dir='ltr' id='par_1_3' title="bbox 153 886 1345 3418">
     <span class='ocr_line' id='line_1_4' title="bbox 261 886 1274 976; baseline -0.003 -18"><span class='ocrx_word' id='word_1_22' title='bbox 261 888 311 958; x_wconf 92' lang='lat' dir='ltr'>Ut</span> <span class='ocrx_word' id='word_1_23' title='bbox 326 887 467 956; x_wconf 87' lang='lat' dir='ltr'>breviter</span> <span class='ocrx_word' id='word_1_24' title='bbox 479 887 742 976; x_wconf 86' lang='lat' dir='ltr'><strong>complectamur</strong></span> <span class='ocrx_word' id='word_1_25' title='bbox 756 908 842 975; x_wconf 90' lang='lat' dir='ltr'>quae</span> <span class='ocrx_word' id='word_1_26' title='bbox 857 886 898 954; x_wconf 91' lang='lat' dir='ltr'>de</span> <span class='ocrx_word' id='word_1_27' title='bbox 910 886 1014 955; x_wconf 85' lang='lat' dir='ltr'>nostri</span> <span class='ocrx_word' id='word_1_28' title='bbox 1029 886 1161 976; x_wconf 84' lang='lat' dir='ltr'>ingenio</span> <span class='ocrx_word' id='word_1_29' title='bbox 1173 904 1274 974; x_wconf 88' lang='lat' dir='ltr'>atque</span> 
     </span>
     <span class='ocr_line' id='line_1_5' title="bbox 213 1001 1272 1092; baseline 0 -22"><span class='ocrx_word' id='word_1_30' title='bbox 213 1001 326 1071; x_wconf 90' lang='lat' dir='ltr'>indole</span> <span class='ocrx_word' id='word_1_31' title='bbox 345 1002 525 1070; x_wconf 90' lang='lat' dir='ltr'>iudicanda</span> <span class='ocrx_word' id='word_1_32' title='bbox 539 1017 629 1087; x_wconf 80' lang='lat' dir='ltr'>sunt,</span> <span class='ocrx_word' id='word_1_33' title='bbox 645 1002 749 1069; x_wconf 91' lang='lat' dir='ltr'>homo</span> <span class='ocrx_word' id='word_1_34' title='bbox 765 1018 835 1069; x_wconf 90' lang='lat' dir='ltr'>erat</span> <span class='ocrx_word' id='word_1_35' title='bbox 851 1019 957 1070; x_wconf 89' lang='lat' dir='ltr'>aetate</span> <span class='ocrx_word' id='word_1_36' title='bbox 979 1001 1047 1069; x_wconf 90' lang='lat' dir='ltr'>iam</span> <span class='ocrx_word' id='word_1_37' title='bbox 1063 1024 1272 1092; x_wconf 82' lang='lat' dir='ltr'>progressos,</span> 
     </span>
     <span class='ocr_line' id='line_1_6' title="bbox 211 1118 1271 1204; baseline 0 -18"><span class='ocrx_word' id='word_1_38' title='bbox 211 1119 337 1188; x_wconf 90' lang='lat' dir='ltr'>iudicio</span> <span class='ocrx_word' id='word_1_39' title='bbox 351 1140 468 1204; x_wconf 78' lang='lat' dir='ltr'>sanus,</span> <span class='ocrx_word' id='word_1_40' title='bbox 486 1135 641 1186; x_wconf 90' lang='lat' dir='ltr'>maturus</span> <span class='ocrx_word' id='word_1_41' title='bbox 653 1118 780 1201; x_wconf 84' lang='lat' dir='ltr'>anim0,</span> <span class='ocrx_word' id='word_1_42' title='bbox 795 1118 884 1187; x_wconf 91' lang='lat' dir='ltr'>vitae</span> <span class='ocrx_word' id='word_1_43' title='bbox 899 1141 962 1187; x_wconf 93' lang='lat' dir='ltr'>usu</span> <span class='ocrx_word' id='word_1_44' title='bbox 974 1135 1006 1186; x_wconf 91' lang='lat' dir='ltr'>et</span> <span class='ocrx_word' id='word_1_45' title='bbox 1020 1118 1173 1187; x_wconf 92' lang='lat' dir='ltr'>doctrina</span> <span class='ocrx_word' id='word_1_46' title='bbox 1189 1141 1271 1188; x_wconf 90' lang='lat' dir='ltr'>con-</span> 
     </span>
     <span class='ocr_line' id='line_1_7' title="bbox 211 1233 1271 1322; baseline -0.002 -18"><span class='ocrx_word' id='word_1_47' title='bbox 211 1237 380 1322; x_wconf 83' lang='lat' dir='ltr'>firmatus,</span> <span class='ocrx_word' id='word_1_48' title='bbox 403 1250 542 1303; x_wconf 85' lang='lat' dir='ltr'>ornatus</span> <span class='ocrx_word' id='word_1_49' title='bbox 566 1233 695 1320; x_wconf 85' lang='lat' dir='ltr'>litteris,</span> <span class='ocrx_word' id='word_1_50' title='bbox 722 1233 874 1303; x_wconf 88' lang='lat' dir='ltr'>subtilior</span> <span class='ocrx_word' id='word_1_51' title='bbox 895 1234 1002 1303; x_wconf 87' lang='lat' dir='ltr'>factus</span> <span class='ocrx_word' id='word_1_52' title='bbox 1021 1235 1199 1304; x_wconf 91' lang='lat' dir='ltr'>hominum</span> <span class='ocrx_word' id='word_1_53' title='bbox 1220 1236 1271 1304; x_wconf 93' lang='lat' dir='ltr'>sui</span> 
     </span>
     <span class='ocr_line' id='line_1_8' title="bbox 211 1347 1270 1441; baseline 0 -22"><span class='ocrx_word' id='word_1_54' title='bbox 211 1351 374 1441; x_wconf 90' lang='lat' dir='ltr'>temporis</span> <span class='ocrx_word' id='word_1_55' title='bbox 411 1347 735 1440; x_wconf 77' lang='lat' dir='ltr'>elegantissimorum</span> <span class='ocrx_word' id='word_1_56' title='bbox 773 1350 1044 1438; x_wconf 87' lang='lat' dir='ltr'>conversatione,</span> <span class='ocrx_word' id='word_1_57' title='bbox 1074 1350 1218 1440; x_wconf 88' lang='lat' dir='ltr'>denique</span> <span class='ocrx_word' id='word_1_58' title='bbox 1242 1351 1270 1419; x_wconf 94' lang='lat' dir='ltr'>si</span> 
     </span>
     <span class='ocr_line' id='line_1_9' title="bbox 210 1466 1270 1558; baseline -0.001 -23"><span class='ocrx_word' id='word_1_59' title='bbox 210 1467 324 1536; x_wconf 91' lang='lat' dir='ltr'>minus</span> <span class='ocrx_word' id='word_1_60' title='bbox 336 1488 460 1558; x_wconf 89' lang='lat' dir='ltr'>magno</span> <span class='ocrx_word' id='word_1_61' title='bbox 478 1466 612 1558; x_wconf 87' lang='lat' dir='ltr'>ingenio</span> <span class='ocrx_word' id='word_1_62' title='bbox 625 1467 811 1557; x_wconf 81' lang='lat' dir='ltr'>praeditus,</span> <span class='ocrx_word' id='word_1_63' title='bbox 821 1482 856 1535; x_wconf 85' lang='lat' dir='ltr'>at</span> <span class='ocrx_word' id='word_1_64' title='bbox 870 1485 956 1536; x_wconf 89' lang='lat' dir='ltr'>certe</span> <span class='ocrx_word' id='word_1_65' title='bbox 969 1489 1037 1535; x_wconf 94' lang='lat' dir='ltr'>non</span> <span class='ocrx_word' id='word_1_66' title='bbox 1053 1484 1270 1536; x_wconf 88' lang='lat' dir='ltr'>contemnen-</span> 
     </span>
     <span class='ocr_line' id='line_1_10' title="bbox 210 1583 1272 1672; baseline 0 -20"><span class='ocrx_word' id='word_1_67' title='bbox 210 1584 263 1652; x_wconf 91' lang='lat' dir='ltr'>dis</span> <span class='ocrx_word' id='word_1_68' title='bbox 291 1583 483 1670; x_wconf 90' lang='lat' dir='ltr'>virtutibus‚</span> <span class='ocrx_word' id='word_1_69' title='bbox 513 1600 551 1650; x_wconf 91' lang='lat' dir='ltr'>ut</span> <span class='ocrx_word' id='word_1_70' title='bbox 577 1583 669 1670; x_wconf 79' lang='lat' dir='ltr'>vitia,</span> <span class='ocrx_word' id='word_1_71' title='bbox 695 1606 783 1672; x_wconf 90' lang='lat' dir='ltr'>quae</span> <span class='ocrx_word' id='word_1_72' title='bbox 808 1585 1012 1669; x_wconf 80' lang='lat' dir='ltr'>notavimus,</span> <span class='ocrx_word' id='word_1_73' title='bbox 1041 1606 1108 1652; x_wconf 91' lang='lat' dir='ltr'>non</span> <span class='ocrx_word' id='word_1_74' title='bbox 1136 1584 1272 1653; x_wconf 89' lang='lat' dir='ltr'>obstent</span> 
     </span>
     <span class='ocr_line' id='line_1_11' title="bbox 211 1699 1268 1792; baseline 0.003 -24"><span class='ocrx_word' id='word_1_75' title='bbox 211 1699 293 1790; x_wconf 91' lang='lat' dir='ltr'>quin</span> <span class='ocrx_word' id='word_1_76' title='bbox 325 1699 467 1790; x_wconf 88' lang='lat' dir='ltr'>gradum</span> <span class='ocrx_word' id='word_1_77' title='bbox 498 1699 645 1788; x_wconf 86' lang='lat' dir='ltr'>aliquem</span> <span class='ocrx_word' id='word_1_78' title='bbox 669 1700 818 1769; x_wconf 90' lang='lat' dir='ltr'>obtineat</span> <span class='ocrx_word' id='word_1_79' title='bbox 841 1702 925 1769; x_wconf 87' lang='lat' dir='ltr'>inter</span> <span class='ocrx_word' id='word_1_80' title='bbox 957 1701 1112 1789; x_wconf 84' lang='lat' dir='ltr'>aequales</span> <span class='ocrx_word' id='word_1_81' title='bbox 1140 1720 1268 1792; x_wconf 91' lang='lat' dir='ltr'>poetas.</span> 
     </span>
     <span class='ocr_line' id='line_1_12' title="bbox 211 1813 1269 1906; baseline -0.001 -21"><span class='ocrx_word' id='word_1_82' title='bbox 211 1814 310 1906; x_wconf 93' lang='lat' dir='ltr'>Opus</span> <span class='ocrx_word' id='word_1_83' title='bbox 342 1815 478 1906; x_wconf 89' lang='lat' dir='ltr'>quidem</span> <span class='ocrx_word' id='word_1_84' title='bbox 506 1837 574 1883; x_wconf 90' lang='lat' dir='ltr'>non</span> <span class='ocrx_word' id='word_1_85' title='bbox 600 1815 741 1883; x_wconf 90' lang='lat' dir='ltr'>summis</span> <span class='ocrx_word' id='word_1_86' title='bbox 767 1813 831 1881; x_wconf 93' lang='lat' dir='ltr'>illis</span> <span class='ocrx_word' id='word_1_87' title='bbox 857 1814 1119 1903; x_wconf 85' lang='lat' dir='ltr'>adaequandum</span> <span class='ocrx_word' id='word_1_88' title='bbox 1150 1815 1269 1904; x_wconf 80' lang='lat' dir='ltr'>effecit,</span> 
     </span>
     <span class='ocr_line' id='line_1_13' title="bbox 209 1930 1270 2022; baseline -0.001 -23"><span class='ocrx_word' id='word_1_89' title='bbox 209 1953 297 2022; x_wconf 89' lang='lat' dir='ltr'>quae</span> <span class='ocrx_word' id='word_1_90' title='bbox 311 1953 389 2000; x_wconf 90' lang='lat' dir='ltr'>raro</span> <span class='ocrx_word' id='word_1_91' title='bbox 401 1931 612 2018; x_wconf 85' lang='lat' dir='ltr'>exstiterunt,</span> <span class='ocrx_word' id='word_1_92' title='bbox 632 1932 691 2000; x_wconf 92' lang='lat' dir='ltr'>sed</span> <span class='ocrx_word' id='word_1_93' title='bbox 708 1932 820 1999; x_wconf 89' lang='lat' dir='ltr'>locum</span> <span class='ocrx_word' id='word_1_94' title='bbox 833 1953 901 1998; x_wconf 92' lang='lat' dir='ltr'>non</span> <span class='ocrx_word' id='word_1_95' title='bbox 915 1930 1078 1999; x_wconf 89' lang='lat' dir='ltr'>humilem</span> <span class='ocrx_word' id='word_1_96' title='bbox 1100 1931 1201 1999; x_wconf 88' lang='lat' dir='ltr'>habet</span> <span class='ocrx_word' id='word_1_97' title='bbox 1217 1931 1270 1998; x_wconf 92' lang='lat' dir='ltr'>in-</span> 
     </span>
     <span class='ocr_line' id='line_1_14' title="bbox 208 2045 1269 2144; baseline -0.004 -27"><span class='ocrx_word' id='word_1_98' title='bbox 208 2064 259 2144; x_wconf 87' lang='lat' dir='ltr'>ter</span> <span class='ocrx_word' id='word_1_99' title='bbox 274 2047 362 2116; x_wconf 91' lang='lat' dir='ltr'>viros</span> <span class='ocrx_word' id='word_1_100' title='bbox 383 2047 457 2115; x_wconf 93' lang='lat' dir='ltr'>illos</span> <span class='ocrx_word' id='word_1_101' title='bbox 480 2047 551 2136; x_wconf 84' lang='lat' dir='ltr'>qui,</span> <span class='ocrx_word' id='word_1_102' title='bbox 568 2068 649 2116; x_wconf 92' lang='lat' dir='ltr'>cum</span> <span class='ocrx_word' id='word_1_103' title='bbox 662 2046 773 2137; x_wconf 92' lang='lat' dir='ltr'>ipsum</span> <span class='ocrx_word' id='word_1_104' title='bbox 795 2045 829 2114; x_wconf 95' lang='lat' dir='ltr'>in</span> <span class='ocrx_word' id='word_1_105' title='bbox 848 2046 1017 2136; x_wconf 85' lang='lat' dir='ltr'>penetrale</span> <span class='ocrx_word' id='word_1_106' title='bbox 1038 2069 1105 2115; x_wconf 92' lang='lat' dir='ltr'>non</span> <span class='ocrx_word' id='word_1_107' title='bbox 1131 2045 1269 2114; x_wconf 89' lang='lat' dir='ltr'>admissi</span> 
     </span>
     <span class='ocr_line' id='line_1_15' title="bbox 209 2163 1268 2252; baseline -0.002 -20"><span class='ocrx_word' id='word_1_108' title='bbox 209 2163 288 2246; x_wconf 91' lang='lat' dir='ltr'>sint,</span> <span class='ocrx_word' id='word_1_109' title='bbox 311 2179 437 2231; x_wconf 87' lang='lat' dir='ltr'>stantes</span> <span class='ocrx_word' id='word_1_110' title='bbox 455 2167 488 2231; x_wconf 92' lang='lat' dir='ltr'>in</span> <span class='ocrx_word' id='word_1_111' title='bbox 511 2164 674 2233; x_wconf 90' lang='lat' dir='ltr'>vestibulo</span> <span class='ocrx_word' id='word_1_112' title='bbox 699 2164 817 2230; x_wconf 88' lang='lat' dir='ltr'>Musas</span> <span class='ocrx_word' id='word_1_113' title='bbox 841 2163 1028 2244; x_wconf 88' lang='lat' dir='ltr'>coluerunt,</span> <span class='ocrx_word' id='word_1_114' title='bbox 1055 2184 1268 2252; x_wconf 88' lang='lat' dir='ltr'>quorumque</span> 
     </span>
     <span class='ocr_line' id='line_1_16' title="bbox 208 2278 1266 2369; baseline 0.003 -22"><span class='ocrx_word' id='word_1_115' title='bbox 208 2295 280 2348; x_wconf 89' lang='lat' dir='ltr'>tam</span> <span class='ocrx_word' id='word_1_116' title='bbox 303 2280 410 2348; x_wconf 88' lang='lat' dir='ltr'>multa</span> <span class='ocrx_word' id='word_1_117' title='bbox 427 2279 519 2369; x_wconf 90' lang='lat' dir='ltr'>apud</span> <span class='ocrx_word' id='word_1_118' title='bbox 535 2296 660 2348; x_wconf 88' lang='lat' dir='ltr'>veteres</span> <span class='ocrx_word' id='word_1_119' title='bbox 684 2278 823 2347; x_wconf 91' lang='lat' dir='ltr'>nomina</span> <span class='ocrx_word' id='word_1_120' title='bbox 846 2278 1047 2346; x_wconf 89' lang='lat' dir='ltr'>invenimus.</span> <span class='ocrx_word' id='word_1_121' title='bbox 1072 2279 1186 2347; x_wconf 91' lang='lat' dir='ltr'>Huius</span> <span class='ocrx_word' id='word_1_122' title='bbox 1205 2303 1266 2350; x_wconf 92' lang='lat' dir='ltr'>au-</span> 
     </span>
     <span class='ocr_line' id='line_1_17' title="bbox 153 2395 1266 2488; baseline 0.001 -24"><span class='ocrx_word' id='word_1_123' title='bbox 153 2407 157 2412; x_wconf 88' lang='grc'><strong>’</strong></span> <span class='ocrx_word' id='word_1_124' title='bbox 207 2413 277 2465; x_wconf 86' lang='lat' dir='ltr'>rem</span> <span class='ocrx_word' id='word_1_125' title='bbox 290 2396 420 2488; x_wconf 89' lang='lat' dir='ltr'>generis</span> <span class='ocrx_word' id='word_1_126' title='bbox 434 2396 570 2487; x_wconf 80' lang='lat' dir='ltr'>scripta,</span> <span class='ocrx_word' id='word_1_127' title='bbox 594 2397 680 2465; x_wconf 91' lang='lat' dir='ltr'>inter</span> <span class='ocrx_word' id='word_1_128' title='bbox 696 2418 781 2486; x_wconf 92' lang='lat' dir='ltr'>quae</span> <span class='ocrx_word' id='word_1_129' title='bbox 796 2395 902 2465; x_wconf 86' lang='lat' dir='ltr'>Culex</span> <span class='ocrx_word' id='word_1_130' title='bbox 922 2413 955 2464; x_wconf 88' lang='lat' dir='ltr'>et</span> <span class='ocrx_word' id='word_1_131' title='bbox 975 2395 1061 2464; x_wconf 90' lang='lat' dir='ltr'>Ciris</span> <span class='ocrx_word' id='word_1_132' title='bbox 1083 2419 1266 2467; x_wconf 89' lang='lat' dir='ltr'>numeran-</span> 
     </span>
     <span class='ocr_line' id='line_1_18' title="bbox 207 2511 1266 2603; baseline 0.002 -23"><span class='ocrx_word' id='word_1_133' title='bbox 207 2529 275 2598; x_wconf 85' lang='lat' dir='ltr'>tur,</span> <span class='ocrx_word' id='word_1_134' title='bbox 296 2512 417 2602; x_wconf 83' lang='lat' dir='ltr'>insigni</span> <span class='ocrx_word' id='word_1_135' title='bbox 437 2534 500 2580; x_wconf 91' lang='lat' dir='ltr'>nos</span> <span class='ocrx_word' id='word_1_136' title='bbox 513 2511 634 2580; x_wconf 86' lang='lat' dir='ltr'>docent</span> <span class='ocrx_word' id='word_1_137' title='bbox 646 2513 799 2603; x_wconf 80' lang='lat' dir='ltr'>exemplo</span> <span class='ocrx_word' id='word_1_138' title='bbox 814 2511 888 2601; x_wconf 91' lang='lat' dir='ltr'>quis</span> <span class='ocrx_word' id='word_1_139' title='bbox 902 2512 1001 2580; x_wconf 87' lang='lat' dir='ltr'>fuerit</span> <span class='ocrx_word' id='word_1_140' title='bbox 1018 2513 1140 2600; x_wconf 82' lang='lat' dir='ltr'>cultus,</span> <span class='ocrx_word' id='word_1_141' title='bbox 1156 2515 1266 2602; x_wconf 90' lang='lat' dir='ltr'>qualis</span> 
     </span>
     <span class='ocr_line' id='line_1_19' title="bbox 208 2628 1266 2721; baseline 0 -24"><span class='ocrx_word' id='word_1_142' title='bbox 208 2651 333 2714; x_wconf 81' lang='lat' dir='ltr'>sermo,</span> <span class='ocrx_word' id='word_1_143' title='bbox 351 2630 468 2718; x_wconf 87' lang='lat' dir='ltr'>quales</span> <span class='ocrx_word' id='word_1_144' title='bbox 485 2629 610 2698; x_wconf 87' lang='lat' dir='ltr'>litterae</span> <span class='ocrx_word' id='word_1_145' title='bbox 629 2629 716 2697; x_wconf 91' lang='lat' dir='ltr'>illius</span> <span class='ocrx_word' id='word_1_146' title='bbox 730 2629 861 2715; x_wconf 85' lang='lat' dir='ltr'>aetatis,</span> <span class='ocrx_word' id='word_1_147' title='bbox 879 2629 936 2696; x_wconf 92' lang='lat' dir='ltr'>ubi</span> <span class='ocrx_word' id='word_1_148' title='bbox 951 2628 1033 2697; x_wconf 88' lang='lat' dir='ltr'>nihil</span> <span class='ocrx_word' id='word_1_149' title='bbox 1059 2629 1121 2697; x_wconf 94' lang='lat' dir='ltr'>hoc</span> <span class='ocrx_word' id='word_1_150' title='bbox 1139 2629 1266 2721; x_wconf 88' lang='lat' dir='ltr'>perfec-</span> 
     </span>
     <span class='ocr_line' id='line_1_20' title="bbox 205 2747 1267 2839; baseline 0 -25"><span class='ocrx_word' id='word_1_151' title='bbox 205 2747 272 2816; x_wconf 91' lang='lat' dir='ltr'>tius</span> <span class='ocrx_word' id='word_1_152' title='bbox 280 2747 414 2838; x_wconf 83' lang='lat' dir='ltr'>gignere</span> <span class='ocrx_word' id='word_1_153' title='bbox 425 2747 717 2838; x_wconf 88' lang='lat' dir='ltr'>potuissetingcnii</span> <span class='ocrx_word' id='word_1_154' title='bbox 730 2747 1267 2839; x_wconf 79' lang='lat' dir='ltr'>mediocritachrgiliustantum</span> 
     </span>
     <span class='ocr_line' id='line_1_21' title="bbox 204 2862 1345 2954; baseline -0.001 -24"><span class='ocrx_word' id='word_1_155' title='bbox 204 2862 256 2931; x_wconf 89' lang='lat' dir='ltr'>ille</span> <span class='ocrx_word' id='word_1_156' title='bbox 267 2880 299 2931; x_wconf 88' lang='lat' dir='ltr'>et</span> <span class='ocrx_word' id='word_1_157' title='bbox 310 2863 474 2932; x_wconf 87' lang='lat' dir='ltr'>Horatius</span> <span class='ocrx_word' id='word_1_158' title='bbox 488 2864 651 2932; x_wconf 91' lang='lat' dir='ltr'>maiorem</span> <span class='ocrx_word' id='word_1_159' title='bbox 662 2865 794 2954; x_wconf 91' lang='lat' dir='ltr'>assequi</span> <span class='ocrx_word' id='word_1_160' title='bbox 805 2864 943 2932; x_wconf 87' lang='lat' dir='ltr'>laudern</span> <span class='ocrx_word' id='word_1_161' title='bbox 954 2881 1125 2954; x_wconf 91' lang='lat' dir='ltr'>poterant;</span> <span class='ocrx_word' id='word_1_162' title='bbox 1140 2864 1265 2952; x_wconf 78' lang='lat' dir='ltr'>itaque,</span> <span class='ocrx_word' id='word_1_163' title='bbox 1340 2910 1345 2920; x_wconf 84' lang='lat'>.</span> 
     </span>
     <span class='ocr_line' id='line_1_22' title="bbox 203 2977 1266 3069; baseline -0.002 -23"><span class='ocrx_word' id='word_1_164' title='bbox 203 2979 556 3069; x_wconf 90' lang='lat' dir='ltr'>praeterquamquod</span> <span class='ocrx_word' id='word_1_165' title='bbox 579 3001 646 3047; x_wconf 93' lang='lat' dir='ltr'>non</span> <span class='ocrx_word' id='word_1_166' title='bbox 670 2979 795 3047; x_wconf 91' lang='lat' dir='ltr'>nullius</span> <span class='ocrx_word' id='word_1_167' title='bbox 821 2996 871 3048; x_wconf 88' lang='lat' dir='ltr'>est</span> <span class='ocrx_word' id='word_1_168' title='bbox 896 2979 992 3069; x_wconf 84' lang='lat' dir='ltr'>pretii</span> <span class='ocrx_word' id='word_1_169' title='bbox 1016 3001 1077 3069; x_wconf 93' lang='lat' dir='ltr'>per</span> <span class='ocrx_word' id='word_1_170' title='bbox 1098 3001 1133 3045; x_wconf 92' lang='lat' dir='ltr'>se</span> <span class='ocrx_word' id='word_1_171' title='bbox 1154 2977 1266 3068; x_wconf 89' lang='lat' dir='ltr'>ipsam</span> 
     </span>
     <span class='ocr_line' id='line_1_23' title="bbox 205 3091 1264 3185; baseline -0.001 -23"><span class='ocrx_word' id='word_1_172' title='bbox 205 3091 307 3179; x_wconf 84' lang='lat' dir='ltr'>Ciris,</span> <span class='ocrx_word' id='word_1_173' title='bbox 327 3094 419 3161; x_wconf 89' lang='lat' dir='ltr'>nulla</span> <span class='ocrx_word' id='word_1_174' title='bbox 438 3095 568 3180; x_wconf 76' lang='lat' dir='ltr'>aliare,</span> <span class='ocrx_word' id='word_1_175' title='bbox 585 3116 690 3184; x_wconf 90' lang='lat' dir='ltr'>quam</span> <span class='ocrx_word' id='word_1_176' title='bbox 710 3094 903 3162; x_wconf 87' lang='lat' dir='ltr'>huiusmodi</span> <span class='ocrx_word' id='word_1_177' title='bbox 925 3116 1068 3185; x_wconf 90' lang='lat' dir='ltr'>operum</span> <span class='ocrx_word' id='word_1_178' title='bbox 1085 3115 1264 3184; x_wconf 90' lang='lat' dir='ltr'>compara-</span> 
     </span>
     <span class='ocr_line' id='line_1_24' title="bbox 205 3209 1264 3300; baseline -0.001 -22"><span class='ocrx_word' id='word_1_179' title='bbox 205 3210 308 3295; x_wconf 76' lang='lat' dir='ltr'>tione,</span> <span class='ocrx_word' id='word_1_180' title='bbox 336 3210 454 3279; x_wconf 90' lang='lat' dir='ltr'>melius</span> <span class='ocrx_word' id='word_1_181' title='bbox 475 3209 614 3278; x_wconf 88' lang='lat' dir='ltr'>iudicari</span> <span class='ocrx_word' id='word_1_182' title='bbox 629 3209 735 3299; x_wconf 89' lang='lat' dir='ltr'>possit</span> <span class='ocrx_word' id='word_1_183' title='bbox 759 3227 791 3278; x_wconf 93' lang='lat' dir='ltr'>et</span> <span class='ocrx_word' id='word_1_184' title='bbox 816 3229 945 3300; x_wconf 92' lang='lat' dir='ltr'>quanto</span> <span class='ocrx_word' id='word_1_185' title='bbox 971 3210 1087 3278; x_wconf 88' lang='lat' dir='ltr'>ceteris</span> <span class='ocrx_word' id='word_1_186' title='bbox 1103 3210 1264 3278; x_wconf 85' lang='lat' dir='ltr'>excellant</span> 
     </span>
     <span class='ocr_line' id='line_1_25' title="bbox 204 3325 1225 3418; baseline 0.001 -25"><span class='ocrx_word' id='word_1_187' title='bbox 204 3325 373 3416; x_wconf 82' lang='lat' dir='ltr'>principes</span> <span class='ocrx_word' id='word_1_188' title='bbox 393 3326 439 3395; x_wconf 92' lang='lat' dir='ltr'>illi</span> <span class='ocrx_word' id='word_1_189' title='bbox 453 3344 631 3418; x_wconf 89' lang='lat' dir='ltr'>poetarum</span> <span class='ocrx_word' id='word_1_190' title='bbox 646 3343 678 3394; x_wconf 92' lang='lat' dir='ltr'>et</span> <span class='ocrx_word' id='word_1_191' title='bbox 695 3343 822 3416; x_wconf 90' lang='lat' dir='ltr'>quanta</span> <span class='ocrx_word' id='word_1_192' title='bbox 836 3327 1032 3395; x_wconf 87' lang='lat' dir='ltr'>auctoritate</span> <span class='ocrx_word' id='word_1_193' title='bbox 1047 3326 1225 3395; x_wconf 88' lang='lat' dir='ltr'>valuerint.</span> 
     </span>
    </p>

    <p class='ocr_par' dir='ltr' id='par_1_4' title="bbox 200 3440 1283 4232">
     <span class='ocr_line' id='line_1_26' title="bbox 248 3440 1283 3534; baseline -0.004 -22"><span class='ocrx_word' id='word_1_194' title='bbox 248 3442 378 3512; x_wconf 90' lang='lat' dir='ltr'>Scilicet</span> <span class='ocrx_word' id='word_1_195' title='bbox 392 3465 431 3510; x_wconf 91' lang='lat' dir='ltr'>ea</span> <span class='ocrx_word' id='word_1_196' title='bbox 450 3442 512 3510; x_wconf 89' lang='lat' dir='ltr'>fuit</span> <span class='ocrx_word' id='word_1_197' title='bbox 531 3465 648 3510; x_wconf 89' lang='lat' dir='ltr'>eorum</span> <span class='ocrx_word' id='word_1_198' title='bbox 662 3460 693 3511; x_wconf 90' lang='lat' dir='ltr'>et</span> <span class='ocrx_word' id='word_1_199' title='bbox 707 3442 856 3511; x_wconf 86' lang='lat' dir='ltr'>maxime</span> <span class='ocrx_word' id='word_1_200' title='bbox 872 3442 1007 3534; x_wconf 91' lang='lat' dir='ltr'>Vergilii</span> <span class='ocrx_word' id='word_1_201' title='bbox 1021 3440 1214 3528; x_wconf 82' lang='lat' dir='ltr'>admirari0‚</span> <span class='ocrx_word' id='word_1_202' title='bbox 1230 3441 1264 3509; x_wconf 94' lang='lat' dir='ltr'>id</span> <span class='ocrx_word' id='word_1_203' title='bbox 1277 3475 1283 3482; x_wconf 93' lang='lat'><em>·</em></span> 
     </span>
     <span class='ocr_line' id='line_1_27' title="bbox 204 3559 1263 3650; baseline -0.002 -22"><span class='ocrx_word' id='word_1_204' title='bbox 204 3559 356 3628; x_wconf 90' lang='lat' dir='ltr'>studium</span> <span class='ocrx_word' id='word_1_205' title='bbox 369 3560 532 3648; x_wconf 85' lang='lat' dir='ltr'>poetices,</span> <span class='ocrx_word' id='word_1_206' title='bbox 544 3577 580 3627; x_wconf 88' lang='lat' dir='ltr'>ut</span> <span class='ocrx_word' id='word_1_207' title='bbox 592 3582 707 3627; x_wconf 91' lang='lat' dir='ltr'>eorum</span> <span class='ocrx_word' id='word_1_208' title='bbox 720 3561 873 3650; x_wconf 89' lang='lat' dir='ltr'>exemplo</span> <span class='ocrx_word' id='word_1_209' title='bbox 885 3560 1016 3628; x_wconf 87' lang='lat' dir='ltr'>excitati</span> <span class='ocrx_word' id='word_1_210' title='bbox 1029 3560 1220 3649; x_wconf 91' lang='lat' dir='ltr'>complures</span> <span class='ocrx_word' id='word_1_211' title='bbox 1229 3559 1263 3626; x_wconf 93' lang='lat' dir='ltr'>in</span> 
     </span>
     <span class='ocr_line' id='line_1_28' title="bbox 203 3673 1266 3764; baseline -0.001 -20"><span class='ocrx_word' id='word_1_212' title='bbox 203 3676 273 3745; x_wconf 90' lang='lat' dir='ltr'>dies</span> <span class='ocrx_word' id='word_1_213' title='bbox 286 3677 381 3744; x_wconf 88' lang='lat' dir='ltr'>varia</span> <span class='ocrx_word' id='word_1_214' title='bbox 391 3675 542 3742; x_wconf 90' lang='lat' dir='ltr'>carmina</span> <span class='ocrx_word' id='word_1_215' title='bbox 556 3675 698 3743; x_wconf 87' lang='lat' dir='ltr'>scribere</span> <span class='ocrx_word' id='word_1_216' title='bbox 710 3677 882 3745; x_wconf 88' lang='lat' dir='ltr'>auderent.</span> <span class='ocrx_word' id='word_1_217' title='bbox 900 3676 1091 3744; x_wconf 91' lang='lat' dir='ltr'>Hominum</span> <span class='ocrx_word' id='word_1_218' title='bbox 1106 3673 1197 3743; x_wconf 90' lang='lat' dir='ltr'>enim</span> <span class='ocrx_word' id='word_1_219' title='bbox 1208 3676 1266 3764; x_wconf 89' lang='lat' dir='ltr'>qui</span> 
     </span>
     <span class='ocr_line' id='line_1_29' title="bbox 203 3791 1266 3882; baseline -0.001 -21"><span class='ocrx_word' id='word_1_220' title='bbox 203 3815 319 3862; x_wconf 89' lang='lat' dir='ltr'>versus</span> <span class='ocrx_word' id='word_1_221' title='bbox 351 3792 501 3860; x_wconf 85' lang='lat' dir='ltr'>fecerunt</span> <span class='ocrx_word' id='word_1_222' title='bbox 535 3813 696 3859; x_wconf 88' lang='lat' dir='ltr'>numerus</span> <span class='ocrx_word' id='word_1_223' title='bbox 722 3791 816 3860; x_wconf 90' lang='lat' dir='ltr'>initio</span> <span class='ocrx_word' id='word_1_224' title='bbox 839 3814 963 3882; x_wconf 91' lang='lat' dir='ltr'>parvus</span> <span class='ocrx_word' id='word_1_225' title='bbox 996 3793 1130 3879; x_wconf 79' lang='lat' dir='ltr'>fuera13</span> <span class='ocrx_word' id='word_1_226' title='bbox 1158 3814 1266 3882; x_wconf 90' lang='lat' dir='ltr'>pauca</span> 
     </span>
     <span class='ocr_line' id='line_1_30' title="bbox 202 3907 1283 3997; baseline -0.001 -21"><span class='ocrx_word' id='word_1_227' title='bbox 202 3926 280 3977; x_wconf 92' lang='lat' dir='ltr'>sunt</span> <span class='ocrx_word' id='word_1_228' title='bbox 312 3909 451 3976; x_wconf 91' lang='lat' dir='ltr'>nomina</span> <span class='ocrx_word' id='word_1_229' title='bbox 479 3930 596 3976; x_wconf 90' lang='lat' dir='ltr'>eorum</span> <span class='ocrx_word' id='word_1_230' title='bbox 614 3908 714 3976; x_wconf 87' lang='lat' dir='ltr'>eriam</span> <span class='ocrx_word' id='word_1_231' title='bbox 734 3909 790 3997; x_wconf 89' lang='lat' dir='ltr'>qtti</span> <span class='ocrx_word' id='word_1_232' title='bbox 824 3932 891 3976; x_wconf 91' lang='lat' dir='ltr'>una</span> <span class='ocrx_word' id='word_1_233' title='bbox 921 3931 999 3977; x_wconf 90' lang='lat' dir='ltr'>cum</span> <span class='ocrx_word' id='word_1_234' title='bbox 1024 3907 1160 3976; x_wconf 81' lang='lat' dir='ltr'>Catullo</span> <span class='ocrx_word' id='word_1_235' title='bbox 1183 3907 1283 3976; x_wconf 86' lang='lat' dir='ltr'>Cal--</span> 
     </span>
     <span class='ocr_line' id='line_1_31' title="bbox 201 4022 1263 4115; baseline 0 -25"><span class='ocrx_word' id='word_1_236' title='bbox 201 4045 312 4112; x_wconf 87' lang='lat' dir='ltr'>voque</span> <span class='ocrx_word' id='word_1_237' title='bbox 331 4039 584 4107; x_wconf 79' lang='lat' dir='ltr'>memorantur3</span> <span class='ocrx_word' id='word_1_238' title='bbox 605 4044 672 4089; x_wconf 93' lang='lat' dir='ltr'>non</span> <span class='ocrx_word' id='word_1_239' title='bbox 687 4022 756 4089; x_wconf 89' lang='lat' dir='ltr'>iam</span> <span class='ocrx_word' id='word_1_240' title='bbox 778 4023 822 4090; x_wconf 87' lang='lat' dir='ltr'>ita</span> <span class='ocrx_word' id='word_1_241' title='bbox 847 4047 881 4091; x_wconf 87' lang='lat' dir='ltr'>se</span> <span class='ocrx_word' id='word_1_242' title='bbox 897 4045 949 4091; x_wconf 92' lang='lat' dir='ltr'>res</span> <span class='ocrx_word' id='word_1_243' title='bbox 974 4024 1090 4094; x_wconf 91' lang='lat' dir='ltr'>habuit</span> <span class='ocrx_word' id='word_1_244' title='bbox 1115 4024 1263 4115; x_wconf 83' lang='lat' dir='ltr'>Augusti</span> 
     </span>
     <span class='ocr_line' id='line_1_32' title="bbox 200 4137 1261 4232; baseline 0.001 -25"><span class='ocrx_word' id='word_1_245' title='bbox 200 4147 372 4229; x_wconf 72' lang='lat' dir='ltr'>tempore3</span> <span class='ocrx_word' id='word_1_246' title='bbox 399 4156 480 4206; x_wconf 92' lang='lat' dir='ltr'>tunc</span> <span class='ocrx_word' id='word_1_247' title='bbox 503 4137 628 4206; x_wconf 90' lang='lat' dir='ltr'>mirum</span> <span class='ocrx_word' id='word_1_248' title='bbox 654 4138 687 4205; x_wconf 93' lang='lat' dir='ltr'>in</span> <span class='ocrx_word' id='word_1_249' title='bbox 711 4139 852 4208; x_wconf 88' lang='lat' dir='ltr'>modum</span> <span class='ocrx_word' id='word_1_250' title='bbox 876 4160 973 4210; x_wconf 92' lang='lat' dir='ltr'>aucta</span> <span class='ocrx_word' id='word_1_251' title='bbox 1002 4159 1051 4208; x_wconf 89' lang='lat' dir='ltr'>est</span> <span class='ocrx_word' id='word_1_252' title='bbox 1081 4159 1261 4232; x_wconf 87' lang='lat' dir='ltr'>poetarum</span> 
     </span>
    </p>
   </div>
   <div class='ocr_carea' id='block_1_4' title="bbox 240 4359 479 4424">
    <p class='ocr_par' dir='ltr' id='par_1_5' title="bbox 240 4359 479 4424">
     <span class='ocr_line' id='line_1_33' title="bbox 240 4359 479 4424; baseline -0.017 -14"><span class='ocrx_word' id='word_1_253' title='bbox 240 4378 260 4411; x_wconf 85' lang='lat'>1.</span> <span class='ocrx_word' id='word_1_254' title='bbox 274 4360 351 4416; x_wconf 80' lang='lat' dir='ltr'>Ciris,</span> <span class='ocrx_word' id='word_1_255' title='bbox 370 4359 422 4423; x_wconf 80' lang='lat'>384</span> <span class='ocrx_word' id='word_1_256' title='bbox 436 4375 479 4424; x_wconf 91' lang='lat' dir='ltr'>sq.</span> 
     </span>
    </p>
   </div>
   <div class='ocr_carea' id='block_1_5' title="bbox 0 0 1574 5072">
    <p class='ocr_par' dir='ltr' id='par_1_6' title="bbox 0 0 1574 5072">
     <span class='ocr_line' id='line_1_34' title="bbox 0 0 1574 5072; baseline 0 4"><span class='ocrx_word' id='word_1_257' title='bbox 0 0 1574 5072; x_wconf 95' lang='lat' dir='ltr'> </span> 
     </span>
    </p>
   </div>
  </div>
 </body>
</html>
