3140 5072
331 489 379 581 48
678 510 726 557 na
753 509 917 558 crunnus
943 509 1037 558 clals

485 630 573 690 Quare
584 645 651 696 quae
664 640 757 681 cantus
773 632 910 682 meditanti
922 631 1025 683 mittere
1035 642 1128 682 certos.

1052 721 1097 778 lV-
1114 727 1170 788 92.)

484 833 603 884 Candida
613 849 751 884 concessos
765 835 887 884 ascendat
902 834 971 885 Ciris
986 835 1111 885 honores.

984 915 987 923 ’
1035 925 1077 988 (V.
1094 924 1166 989 205.)

636 1037 723 1096 Quam
735 1048 759 1086 te
774 1048 827 1086 tarn
843 1037 962 1087 tristibus
976 1037 1034 1088 istis

480 1124 610 1175 Sordibus
622 1135 647 1173 et
661 1125 736 1175 senio
746 1125 829 1190 patiar
843 1125 976 1176 tabescere
985 1125 1038 1176 tali.
1143 1137 1146 1144 ’

989 1215 1031 1279 (V·
1049 1213 1125 1280 248.)

480 1329 584 1390 Questu
599 1329 694 1380 Carme
709 1328 864 1395 complorat.
1076 1301 1080 1306 ”

818 1419 858 1475 lV.
875 1418 946 1482 285‚)

479 1536 623 1601 Expertum
639 1537 731 1586 multis
744 1535 853 1586 miserae
868 1534 934 1585 mihi
945 1534 1025 1585 rebus
1039 1514 1166 1586 amorem.

1109 1625 1149 1685 (V.
1163 1623 1232 1684 325.)

386 1733 389 1738 ’
479 1741 624 1791 Rursusad
636 1739 772 1805 inceptum
788 1739 886 1790 sociam
903 1755 930 1796 se
945 1740 1067 1805 adiungit
1077 1741 1200 1792 alumnae

478 1829 699 1894 Purpureumque
709 1838 781 1893 parat
796 1835 888 1877 rursus
898 1826 1007 1878 tondere
1017 1828 1152 1892 capillum.
1181 1833 1182 1836 ’

1107 1923 1149 1985 (V.
1163 1920 1235 1987 381.)

368 2092 516 2183 Dignum
542 2109 658 2160 autem
679 2090 742 2160 hoc
758 2091 912 2180 estquod
937 2107 1083 2180 notetur,
1101 2092 1207 2160 multo
1219 2092 1380 2182 pauciora

319 2231 392 2298 esse
420 2207 583 2276 eiusmodi
600 2206 743 2297 exempli
758 2224 791 2275 et
808 2220 916 2296 prope·
932 2206 1024 2274 nulla
1049 2207 1082 2274 in
1105 2206 1285 2300 posteriore
1304 2211 1379 2276 car-

320 2323 420 2392 minis
444 2340 551 2413 parte,
576 2323 621 2391 ita
646 2341 682 2390 ut
704 2324 737 2390 in
761 2345 799 2391 ea
825 2322 876 2390 sui
898 2322 1056 2413 temporis
1080 2344 1210 2391 morem
1230 2343 1377 2410 secutus,

319 2439 354 2507 in
382 2441 485 2508 altera
517 2439 624 2530 magis
653 2438 875 2508 vetustiorum
911 2438 1085 2528 disciplina
1124 2438 1272 2507 imbutus
1305 2462 1377 2508 esse

291 2555 482 2623 rideatur.
518 2554 665 2624 Centum
698 2553 789 2628 enim
821 2575 936 2622 versus
965 2553 1089 2643 quibus
1121 2553 1235 2644 incipit
1268 2553 1376 2642 Ciris,

317 2692 385 2738 non
398 2670 573 2760 pauciores
591 2670 718 2738 habent
732 2668 896 2755 eiusmodi
916 2668 1166 2746 allitterationes
1182 2691 1285 2760 quam
1301 2692 1378 2760 een-

316 2803 390 2855 tum
421 2785 468 2854 illi
497 2786 621 2878 quibus
649 2787 749 2854 Ennii
777 2787 985 2876 fragmenta,
1014 2807 1135 2875 nempe
1162 2784 1230 2855 fere
1261 2784 1377 2876 viginti

315 2901 463 2992 quinque
481 2914 504 2969 ¹.

359 3016 518 3087 Ceterum
541 3041 609 3086 non
632 3020 715 3087 illud
741 3040 848 3086 unum
874 3035 922 3086 est
950 3017 1126 3107 quainter
1151 3041 1186 3086 se
1218 3017 1375 3088 differunt

316 3135 408 3224 prior
426 3159 504 3226 pars
522 3137 686 3226 poematis
701 3153 733 3205 et
757 3135 929 3226 posterior.
954 3136 994 3204 ln
1019 3137 1082 3204 hac
1098 3135 1210 3225 plnres
1225 3133 1374 3202 inserun-

316 3267 371 3319 tur
394 3251 531 3342 Vergilii
550 3274 677 3338 versus
699 3252 733 3320 in
756 3251 812 3319 illa
835 3251 933 3341 plura
960 3250 1085 3320 Catulli
1111 3250 1232 3337 verba3
1259 3251 1293 3318 in
1308 3250 1375 3319 hac

315 3385 448 3437 tantum
467 3367 679 3457 reperiuntur
694 3367 878 3436 locutiones
905 3367 1077 3436 communi
1106 3367 1253 3435 sermoni
1268 3389 1373 3457 repu-

315 3500 468 3574 gnantes‚
484 3501 516 3552 et
531 3483 641 3550 minus
654 3505 773 3573 aspera
784 3483 924 3550 omnino
938 3499 987 3552 est
1010 3481 1130 3550 oratio.
1148 3481 1241 3550 Nihil
1258 3499 1372 3550 tamen

316 3617 365 3668 est
384 3621 444 3668 cur
467 3599 644 3667 credamus
663 3598 706 3666 ab
730 3598 802 3666 alio'
817 3615 951 3667 auctore
974 3597 1114 3688 scriptos
1138 3620 1209 3666 esse
1224 3583 1372 3672 novissi

315 3737 389 3783 mos
405 3737 539 3801 versus3
557 3715 616 3783 sed
632 3714 738 3783 conici
753 3731 860 3804 potest
879 3714 1023 3783 eundem
1046 3713 1128 3783 illud
1144 3734 1266 3804 poema
1285 3713 1372 3781 ince-

314 3831 401 3922 pisse
419 3831 667 3899 adulescentem
685 3829 777 3920 quod
795 3830 865 3919 ipse
890 3827 941 3897 his
960 3828 1068 3898 verbis
1095 3828 1225 3898 videtur
1249 3827 1373 3918 signifi-

220 3983 223 3990 «
315 3969 414 4016 care:
501 4001 534 4036 ·.

441 4059 443 4064 ’
872 4060 1077 4128 lnquibusaevi
1140 4057 1169 4125 Q

468 4150 557 4200 Prima
567 4149 718 4201 rudimenta
732 4159 757 4200 et
768 4148 869 4215 primos
879 4149 1016 4216 exegimus
1026 4165 1120 4213 annos,

351 4363 371 4397 t.
389 4347 408 4398 l.
427 4347 538 4409 Vahlen,
554 4345 696 4396 Ennianae
707 4348 798 4412 poesis
815 4347 952 4412 reliquiae.
