3140 5072
555 505 602 552 oa
631 504 797 554 caninus
823 503 918 556 cta'rs
1220 493 1261 564 51

203 633 364 700 Messalla
380 633 552 720 ineratque
565 630 678 722 imago
688 649 847 721 paternae
859 629 1057 704 facundiael
1073 668 1106 724 a,
1118 662 1187 730 quo
1197 641 1269 730 qui·

203 748 283 817 dem
299 748 374 816 loco
389 747 531 816 refertur
551 748 658 816 oratio
674 771 741 838 qua
757 747 893 817 feliciter
911 749 1041 818 obstitit
1053 751 1127 824 Ser.
1151 753 1268 828 Caeci·

203 885 267 931 nae
285 862 433 930 censenti
453 884 495 930 ne
516 885 619 953 quem
640 863 888 954 magistratum,
906 864 959 932 cui
973 867 1147 954 provincia
1162 869 1268 939 obve-

204 979 322 1064 nisset,
350 1000 434 1046 uxor
459 977 687 1045 comitaretur.
722 980 863 1046 Exstant
893 997 925 1046 et
948 977 1063 1048 Ovidii
1093 984 1221 1053 litterae
1241 998 1267 1070 2,

201 1092 326 1182 quibus
345 1092 614 1161 benevolentiam
635 1093 706 1161 eius
721 1112 753 1160 et
768 1093 951 1162 amicitiam
966 1095 1029 1164 sibi
1049 1075 1157 1186 poscit
1176 1122 1268 1168 eum-

201 1230 268 1297 que
300 1187 454 1297 precatur
487 1224 522 1275 ut
543 1230 680 1276 causam
715 1231 814 1276 suam
839 1209 917 1277 velit
940 1211 1033 1299 apud
1070 1213 1267 1303 Augustum

201 1345 310 1412 agere.
323 1322 521 1391 Messallino
536 1321 677 1413 propius
693 1323 795 1392 fidem
815 1340 863 1391 est
882 1323 1073 1393 dedicatam
1087 1350 1159 1397 esse
1174 1323 1266 1398 Cirin

200 1460 307 1526 quam
337 1437 432 1506 alteri
458 1436 504 1506 illi
528 1437 666 1506 Corvini
683 1438 765 1526 filio,
790 1438 912 1506 minori
938 1457 1033 1526 natu,
1053 1442 1104 1512 M.
1124 1443 1267 1513 Aurelio

199 1557 322 1658 Cottae
342 1558 510 1645 Maximo,
525 1559 583 1649 qui
604 1559 712 1650 magis
736 1558 943 1629 familiariter
967 1558 1145 1648 Ovidium,
1162 1584 1268 1652 quam

199 1675 317 1762 frater,
332 1675 451 1744 habuit
470 1689 493 1745 ³.

247 1791 282 1858 Is
297 1789 435 1880 quidem
451 1810 558 1859 artem
578 1790 708 1860 dicendi
736 1790 838 1859 coluit
861 1810 892 1860 et
915 1791 1080 1881 poeticen,
1104 1794 1161 1862 sed
1181 1793 1264 1868 insi·

200 1904 298 1994 gnior
312 1904 374 1973 fuit
389 1905 482 1994 gula,
497 1923 635 1974 auctore
659 1905 768 1973 Plinio
780 1906 813 1992 ⁴3
828 1905 919 1973 idem
941 1925 1118 1975 accusatus
1143 1925 1174 1977 et
1193 1932 1268 2000 pro·

199 2036 274 2108 pter
299 2019 450 2088 favorem
475 2021 601 2089 Tiberii
628 2021 776 2106 solutus,
805 2021 924 2090 acerbe
950 2022 1146 2091 aestimatus
1172 2003 1266 2093 esta

199 2135 333 2221 Tacit0,
354 2135 410 2224 qui
433 2163 449 2198 a
468 2135 659 2204 saevissime
679 2137 840 2225 cuiusque
859 2138 1041 2205 sententiae
1057 2155 1228 2207 auctorem
1245 2168 1261 2202 »

199 2273 278 2316 eum
304 2250 416 2338 refert,
443 2269 474 2320 et
496 2251 644 2320 nobilem
669 2252 807 2342 quidem
839 2252 931 2340 dicit,
952 2253 1010 2320 sed
1034 2271 1200 2342 egentem,
1220 2255 1265 2324 ob

200 2366 318 2434 lurum
340 2390 399 2456 per
418 2367 544 2458 flagitia
569 2367 768 2436 infamem⁵.
790 2367 825 2436 Si
850 2369 952 2460 igitur
976 2369 1096 2438 maiori
1117 2370 1264 2439 filiorum

199 2480 335 2550 Corvini
369 2505 504 2551 carmen
533 2485 597 2553 hoc
630 2503 679 2553 est
712 2485 920 2571 dedicatum,
951 2509 1034 2555 non·
1053 2487 1160 2554 multo
1190 2501 1266 2578 post

197 2618 328 2664 annum
346 2596 502 2666 DCCXL
517 2599 678 2667 exstiterit
692 2622 825 2667 necesse
841 2618 901 2668 est.

243 2713 429 2780 Auctorem
455 2736 535 2804 ergo
563 2713 651 2783 Ciris
678 2737 868 2785 asseverare
899 2717 974 2784 licet
1001 2717 1175 2806 aequalem
1198 2715 1266 2786 fere

196 2828 298 2898 fuisse
313 2829 483 2919 utriusque
502 2830 753 2918 Messallarum,
770 2849 802 2900 et
816 2850 960 2922 utroque
978 2833 1077 2902 annis
1092 2834 1194 2923 paulo
1209 2855 1266 2900 su·

197 2944 382 3035 periorem;
401 2963 501 3035 atque
520 2946 554 3014 in
569 2947 742 3038 praeclaro
754 2947 811 3015 illo
826 2965 920 3016 coetu
936 2966 1115 3038 poetarum
1133 2949 1265 3038 vixisse,

196 3083 345 3151 quorum
372 3061 465 3130 fama
493 3061 593 3130 simul
617 3063 653 3130 in
677 3063 879 3132 memoriam
902 3086 981 3132 cnm
1001 3064 1127 3133 summi
1149 3081 1265 3134 orato-

196 3177 244 3246 ris
267 3179 404 3246 nomine
422 3180 507 3248 solet
534 3182 694 3250 revocari.
721 3181 791 3251 Ubi
816 3199 930 3250 autem
950 3180 1071 3250 melius
1094 3181 1186 3277 nasci
1205 3205 1265 3278 po·

196 3291 313 3360 ruisset
325 3292 424 3380 Ciris,
440 3316 544 3383 quam
568 3294 601 3362 in
617 3296 673 3363 illa
689 3295 806 3381 domo,
822 3295 1032 3386 eloquentiae
1056 3294 1157 3364 simul
1181 3295 1262 3364 Mu-

197 3429 380 3498 sarumque
394 3427 426 3478 et
442 3409 566 3477 amoris
581 3411 765 3496 domicilio,
790 3411 823 3479 in
844 3434 912 3501 qua
932 3409 1175 3501 paterfamilias
1190 3411 1262 3502 ipse

197 3545 267 3592 non
290 3523 490 3616 dedignatus
518 3544 566 3594 est
590 3527 703 3616 lingua
724 3550 843 3618 graeca
868 3527 1018 3596 carmina
1043 3550 1261 3620 componere,

233 3825 255 3862 t.
269 3810 292 3859 T
294 3823 342 3868 ac.‚
354 3808 435 3866 Ana,
447 3806 490 3864 111,
508 3804 550 3869 34.

229 3917 254 3950 2.
271 3901 333 3958 Ov.,
348 3899 440 3958 Pont„
457 3896 477 3956 1,
489 3910 518 3960 73
534 3895 565 3951 ll,
587 3909 611 3943 2.

229 3989 254 4040 3.
271 3989 333 4049 0v.,
347 3987 439 4050 Pont,
456 3985 475 4044 1,
492 3984 505 4033 5
515 3999 522 4046 ;
536 3984 566 4048 ll,
582 3982 607 4044 3,
618 3982 634 4032 8
642 3998 649 4046 ;
662 3982 706 4042 Ill,
720 3997 745 4040 a.
764 3980 794 4046 5;
809 3981 868 4045 Tr„
880 3982 924 4045 IV,
938 3982 963 4034 5.

226 4095 253 4143 4.
266 4079 315 4136 Pl..
328 4077 377 4142 H,
392 4076 435 4140 lV,
450 4090 476 4140 x,
491 4089 524 4140 27
536 4072 604 4123 :Sed
619 4071 699 4140 (quod
708 4073 823 4135 constat)
833 4071 1005 4122 Messallinus
1021 4071 1107 4128 Cotta.
1118 4068 1261 4121 Messallae

195 4167 309 4220 oratoris
327 4166 408 4228 filius,
425 4164 527 4231 palmas
542 4161 641 4228 pedum
661 4177 694 4212 ex
710 4161 753 4211 bis
770 4160 928 4226 (anseribus)
938 4169 1038 4212 torrere
1057 4172 1136 4228 atque
1151 4156 1258 4226 patinis

160 4230 166 4240 ¹
196 4275 257 4311 cum
272 4256 480 4324 gallinaceorum
494 4251 582 4304 cristis
596 4251 703 4304 condire
717 4250 844 4318 repperit.

230 4349 255 4400 5.
270 4348 344 4411 Tac,
361 4347 441 4409 Anat,
456 4344 501 4404 Vl,
519 4341 532 4392 5
546 4352 572 4393 et
586 4359 610 4406 7.

612 4484 624 4516 8
