3134 5082
682 466 730 518 DE
756 465 922 520 CARMINE
953 465 1046 519 ctals

488 593 555 644 Nam
571 608 663 644 verum
681 593 820 646 fateamur.
836 599 916 646 Amat
933 593 1110 661 Polyhymnia
1124 609 1227 646 verum.
1328 641 1331 648 ,

1175 685 1248 745 (Cim,
1266 683 1319 749 55.)

488 799 546 850 lure
556 799 638 866 igitur
650 791 797 853 vincemur.
812 804 892 853 Amat
905 781 1014 852 victoria
1027 817 1128 852 curam.

1092 889 1168 954 (Cat,
1185 891 1262 954 LXll,
1281 891 1330 956 ιό.)

379 1019 382 1026 ·
487 1007 569 1072 Saepe
584 1005 651 1071 lapis
668 1013 791 1072 reerepat
807 1006 927 1072 Cyllenia
941 1021 1080 1057 murmura
1094 1009 1196 1073 pulsus.

1169 1096 1246 1162 (Cin,
1262 1097 1332 1163 108.)

487 1177 557 1262 Leve
574 1221 733 1276 tympanum
748 1209 872 1276 remugit,
888 1225 950 1260 cava
964 1210 1085 1277 cymbala
1101 1219 1252 1277 recrepant.

1104 1301 1181 1361 (Cat,
1198 1301 1289 1366 LXlll,
1306 1309 1359 1374 29.)

488 1416 563 1474 Quae
577 1417 702 1468 simulac
716 1417 793 1468 venis
810 1416 899 1467 hausit
914 1416 1068 1468 sitientibus
1083 1417 1173 1484 ignem

487 1505 520 1556 Et
536 1506 655 1557 validum
670 1506 777 1572 penitus
792 1505 913 1572 concepit
931 1505 957 1556 in
973 1521 1033 1557 ossa
1048 1506 1175 1558 furorem.

1067 1577 1071 1583 ’
1148 1597 1315 1664 (ctr.‚163.)

548 1702 651 1753 Cuncto
664 1701 785 1768 concepit
799 1711 904 1767 pectore
918 1702 1054 1754 flammam

486 1791 628 1854 Funditus,
644 1801 723 1858 atque
736 1791 799 1841 imis
812 1791 910 1841 exarsit
922 1800 977 1843 tota
993 1793 1127 1856 medullis,

486 1880 545 1930 Heu
557 1879 654 1930 misera
668 1879 803 1945 exagitans
818 1879 918 1930 immiti
933 1882 1011 1931 corde
1026 1881 1138 1933 furores.

1072 1973 1151 2036 (cat,
1168 1973 1260 2034 exit,
1274 1976 1330 2042 ῳ.)

483 2085 544 2136 Non
559 2095 664 2151 accepta
679 2084 731 2151 piis
745 2086 906 2152 promittens
924 2101 1034 2136 munera
1052 2085 1134 2138 Divis.

1162 2176 1239 2240 (Cin,
1255 2181 1331 2244 κιρ.)

481 2293 542 2344 Non
553 2294 656 2358 ingrata
673 2303 762 2344 tamen
779 2294 878 2345 frustra
894 2295 1054 2348 munuscula
1068 2295 1143 2346 Divis

484 2382 656 2455 Promittens.

823 2473 903 2538 (Cat,
921 2473 1016 2554 LXIV,
1042 2473 1113 2540 103.)

547 2590 608 2640 Non
621 2601 660 2641 cst
676 2591 840 2642 Amathusia
856 2593 941 2643 nostri

419 2714 421 2724 i
483 2678 551 2730 Tam
568 2679 653 2730 rudis.

731 2787 732 2791 ’
825 2769 899 2829 teir„
914 2773 987 2836 242.)

546 2882 606 2935 Non
617 2893 657 2933 est
669 2883 723 2933 [lea
739 2854 827 2934 nescia
841 2884 935 2934 nostri.

844 2975 920 3034 lCat.‚
935 2974 1050 3032 LXVlll,
1071 2978 1120 3039 ις.)

547 3089 601 3139 Nec
618 3104 662 3139 me
675 3089 721 3139 illa
738 3089 848 3156 quidem
861 3089 1016 3139 communis
1031 3090 1170 3140 alumnam

483 3178 621 3230 Omnibus
636 3178 734 3230 iniecta
753 3180 833 3230 tellus
849 3180 994 3230 tumulabit
1005 3179 1116 3230 harena.

1082 3268 1157 3332 (Cin,
1173 3275 1244 3333 441.l

483 3384 576 3450 Neque
587 3384 685 3436 iniecta
700 3386 856 3436 tumulabor
873 3396 979 3436 mortua
997 3394 1074 3435 terra.

1023 3475 1106 3539 (Cat,
1122 3475 1214 3540 LXIV,
1230 3473 1297 3536 153.)

482 3589 514 3640 Et
531 3589 617 3655 gelida
631 3583 786 3640 venientem
798 3589 886 3655 ignem
903 3589 1038 3654 quatiebat
1052 3589 1084 3638 ab
1100 3590 1175 3641 Oeta.

1116 3680 1191 3743 (Cin,
1214 3678 1283 3742 350.)

484 3794 620 3845 Nimirum
637 3795 753 3846 Oetaeos
765 3794 884 3845 ostendit
896 3793 1010 3845 noctifer
1027 3794 1113 3861 ignes,

1077 3884 1153 3946 (Cat,
1169 3884 1247 3942 LXll.
1263 3889 1296 3951 7.)

369 4053 449 4123 Alia
464 4054 636 4145 quaedam
654 4052 776 4122 similia
789 4053 997 4140 notabimus,
1011 4075 1088 4123 cum
1111 4053 1256 4124 maxime
1269 4055 1311 4123 de
1324 4077 1393 4124 ser·

324 4190 426 4239 mone
449 4170 544 4240 etde
566 4192 601 4238 re
620 4170 759 4239 metrica
781 4169 897 4259 qualia
918 4170 983 4241 sint
1009 4171 1041 4239 in
1067 4170 1131 4239 hoc
1149 4169 1298 4238 carmine
1320 4169 1390 4239 dis·

324 4287 541 4377 putabimus3
573 4308 662 4354 nunc
692 4307 773 4356 sane
796 4284 1010 4377 perspicuum
1034 4305 1083 4356 est
1104 4305 1276 4356 auctorem
1303 4283 1391 4355 Ciris
