<?xml version="1.0" encoding="UTF-8"?>
<!DOCTYPE html PUBLIC "-//W3C//DTD XHTML 1.0 Transitional//EN"
    "http://www.w3.org/TR/xhtml1/DTD/xhtml1-transitional.dtd">
<html xmlns="http://www.w3.org/1999/xhtml" xml:lang="en" lang="en">
 <head>
  <title>
</title>
<meta http-equiv="Content-Type" content="text/html;charset=utf-8" />
  <meta name='ocr-system' content='tesseract 3.04.00' />
  <meta name='ocr-capabilities' content='ocr_page ocr_carea ocr_par ocr_line ocrx_word'/>
</head>
<body>
  <div class='ocr_page' id='page_1' title='image "./decarmineciris00waltgoog_0090.png"; bbox 0 0 3140 5072; ppageno 0'>
   <div class='ocr_carea' id='block_1_1' title="bbox 493 1163 979 1266">
    <p class='ocr_par' dir='ltr' id='par_1_1' title="bbox 493 1163 979 1266">
     <span class='ocr_line' id='line_1_1' title="bbox 493 1163 979 1266; baseline -0.002 0"><span class='ocrx_word' id='word_1_1' title='bbox 493 1163 979 1266; x_wconf 82' lang='lat' dir='ltr'>APPENDIX</span> 
     </span>
    </p>
   </div>
   <div class='ocr_carea' id='block_1_2' title="bbox 634 1825 837 1911">
    <p class='ocr_par' dir='ltr' id='par_1_2' title="bbox 634 1825 837 1911">
     <span class='ocr_line' id='line_1_2' title="bbox 634 1825 837 1911; baseline 0.005 -1"><span class='ocrx_word' id='word_1_2' title='bbox 634 1825 837 1911; x_wconf 87' lang='lat' dir='ltr'>ClRlS</span> 
     </span>
    </p>
   </div>
   <div class='ocr_carea' id='block_1_3' title="bbox 328 2125 1149 4430">
    <p class='ocr_par' dir='ltr' id='par_1_3' title="bbox 328 2125 1149 4430">
     <span class='ocr_line' id='line_1_3' title="bbox 363 2125 914 2178; baseline 0.007 -4"><span class='ocrx_word' id='word_1_3' title='bbox 363 2125 418 2174; x_wconf 87' lang='lat' dir='ltr'>Etsi</span> <span class='ocrx_word' id='word_1_4' title='bbox 436 2141 477 2175; x_wconf 89' lang='lat' dir='ltr'>me</span> <span class='ocrx_word' id='word_1_5' title='bbox 493 2125 564 2176; x_wconf 89' lang='lat' dir='ltr'>vario</span> <span class='ocrx_word' id='word_1_6' title='bbox 579 2126 704 2176; x_wconf 81' lang='lat' dir='ltr'>iactatum</span> <span class='ocrx_word' id='word_1_7' title='bbox 722 2129 806 2178; x_wconf 87' lang='lat' dir='ltr'>laudis</span> <span class='ocrx_word' id='word_1_8' title='bbox 823 2144 914 2178; x_wconf 89' lang='lat' dir='ltr'>amore</span> 
     </span>
     <span class='ocr_line' id='line_1_4' title="bbox 334 2214 948 2283; baseline 0.003 -20"><span class='ocrx_word' id='word_1_9' title='bbox 334 2214 462 2278; x_wconf 84' lang='lat' dir='ltr'>irritaque</span> <span class='ocrx_word' id='word_1_10' title='bbox 476 2225 614 2280; x_wconf 84' lang='lat' dir='ltr'>expertum</span> <span class='ocrx_word' id='word_1_11' title='bbox 630 2216 729 2266; x_wconf 88' lang='lat' dir='ltr'>fallacis</span> <span class='ocrx_word' id='word_1_12' title='bbox 744 2217 861 2282; x_wconf 83' lang='lat' dir='ltr'>praemia</span> <span class='ocrx_word' id='word_1_13' title='bbox 877 2218 948 2283; x_wconf 83' lang='lat' dir='ltr'>vulgi</span> 
     </span>
     <span class='ocr_line' id='line_1_5' title="bbox 328 2301 962 2370; baseline 0.006 -18"><span class='ocrx_word' id='word_1_14' title='bbox 328 2301 472 2368; x_wconf 88' lang='lat' dir='ltr'>Cecropius</span> <span class='ocrx_word' id='word_1_15' title='bbox 487 2318 580 2353; x_wconf 83' lang='lat' dir='ltr'>suaves</span> <span class='ocrx_word' id='word_1_16' title='bbox 595 2305 731 2370; x_wconf 79' lang='lat' dir='ltr'>exspirans</span> <span class='ocrx_word' id='word_1_17' title='bbox 746 2306 870 2356; x_wconf 88' lang='lat' dir='ltr'>hortulus</span> <span class='ocrx_word' id='word_1_18' title='bbox 885 2323 962 2356; x_wconf 80' lang='lat' dir='ltr'>auras</span> 
     </span>
     <span class='ocr_line' id='line_1_6' title="bbox 332 2391 1005 2460; baseline 0.007 -20"><span class='ocrx_word' id='word_1_19' title='bbox 332 2391 462 2441; x_wconf 75' lang='lat' dir='ltr'>Florentia</span> <span class='ocrx_word' id='word_1_20' title='bbox 477 2391 555 2442; x_wconf 88' lang='lat' dir='ltr'>viridr</span> <span class='ocrx_word' id='word_1_21' title='bbox 572 2393 681 2458; x_wconf 82' lang='lat' dir='ltr'>sophiae</span> <span class='ocrx_word' id='word_1_22' title='bbox 693 2395 879 2460; x_wconf 83' lang='lat' dir='ltr'>complectitur</span> <span class='ocrx_word' id='word_1_23' title='bbox 895 2397 1005 2456; x_wconf 88' lang='lat' dir='ltr'>umbra,</span> 
     </span>
     <span class='ocr_line' id='line_1_7' title="bbox 332 2480 1075 2550; baseline 0.007 -21"><span class='ocrx_word' id='word_1_24' title='bbox 332 2480 385 2530; x_wconf 89' lang='lat' dir='ltr'>Nec</span> <span class='ocrx_word' id='word_1_25' title='bbox 400 2496 458 2531; x_wconf 89' lang='lat' dir='ltr'>mea</span> <span class='ocrx_word' id='word_1_26' title='bbox 470 2483 529 2548; x_wconf 93' lang='lat' dir='ltr'>quit</span> <span class='ocrx_word' id='word_1_27' title='bbox 545 2483 613 2532; x_wconf 84' lang='lat' dir='ltr'>ratio</span> <span class='ocrx_word' id='word_1_28' title='bbox 626 2483 737 2549; x_wconf 85' lang='lat' dir='ltr'>dignum</span> <span class='ocrx_word' id='word_1_29' title='bbox 754 2483 804 2534; x_wconf 88' lang='lat' dir='ltr'>sibi</span> <span class='ocrx_word' id='word_1_30' title='bbox 820 2499 945 2550; x_wconf 82' lang='lat' dir='ltr'>quaerere</span> <span class='ocrx_word' id='word_1_31' title='bbox 960 2500 1075 2548; x_wconf 86' lang='lat' dir='ltr'>carmen,</span> 
     </span>
     <span class='ocr_line' id='line_1_8' title="bbox 330 2569 1149 2638; baseline 0.007 -20"><span class='ocrx_word' id='word_1_32' title='bbox 330 2569 421 2636; x_wconf 81' lang='lat' dir='ltr'>Longe</span> <span class='ocrx_word' id='word_1_33' title='bbox 437 2571 509 2620; x_wconf 86' lang='lat' dir='ltr'>aliud</span> <span class='ocrx_word' id='word_1_34' title='bbox 524 2571 643 2622; x_wconf 89' lang='lat' dir='ltr'>studium</span> <span class='ocrx_word' id='word_1_35' title='bbox 659 2583 738 2637; x_wconf 90' lang='lat' dir='ltr'>atque</span> <span class='ocrx_word' id='word_1_36' title='bbox 754 2573 820 2622; x_wconf 84' lang='lat' dir='ltr'>alios</span> <span class='ocrx_word' id='word_1_37' title='bbox 834 2587 902 2638; x_wconf 90' lang='lat' dir='ltr'>quae</span> <span class='ocrx_word' id='word_1_38' title='bbox 917 2573 1032 2624; x_wconf 87' lang='lat' dir='ltr'>accincta</span> <span class='ocrx_word' id='word_1_39' title='bbox 1046 2575 1149 2626; x_wconf 83' lang='lat' dir='ltr'>ltbores</span> 
     </span>
     <span class='ocr_line' id='line_1_9' title="bbox 329 2658 941 2726; baseline 0.01 -20"><span class='ocrx_word' id='word_1_40' title='bbox 329 2658 417 2708; x_wconf 76' lang='lat' dir='ltr'>Altius</span> <span class='ocrx_word' id='word_1_41' title='bbox 429 2659 462 2708; x_wconf 88' lang='lat' dir='ltr'>ad</span> <span class='ocrx_word' id='word_1_42' title='bbox 481 2661 571 2726; x_wconf 86' lang='lat' dir='ltr'>magni</span> <span class='ocrx_word' id='word_1_43' title='bbox 588 2661 727 2711; x_wconf 89' lang='lat' dir='ltr'>subtendit</span> <span class='ocrx_word' id='word_1_44' title='bbox 745 2662 830 2712; x_wconf 88' lang='lat' dir='ltr'>sidera</span> <span class='ocrx_word' id='word_1_45' title='bbox 848 2663 941 2712; x_wconf 86' lang='lat' dir='ltr'>mundi</span> 
     </span>
     <span class='ocr_line' id='line_1_10' title="bbox 331 2747 1026 2816; baseline 0.007 -19"><span class='ocrx_word' id='word_1_46' title='bbox 331 2747 363 2798; x_wconf 90' lang='lat' dir='ltr'>Et</span> <span class='ocrx_word' id='word_1_47' title='bbox 378 2748 503 2814; x_wconf 89' lang='lat' dir='ltr'>placitum</span> <span class='ocrx_word' id='word_1_48' title='bbox 520 2752 609 2816; x_wconf 88' lang='lat' dir='ltr'>paucis</span> <span class='ocrx_word' id='word_1_49' title='bbox 623 2767 685 2802; x_wconf 84' lang='lat' dir='ltr'>ausa</span> <span class='ocrx_word' id='word_1_50' title='bbox 700 2757 739 2802; x_wconf 84' lang='lat' dir='ltr'>esl</span> <span class='ocrx_word' id='word_1_51' title='bbox 755 2752 895 2803; x_wconf 88' lang='lat' dir='ltr'>ascendere</span> <span class='ocrx_word' id='word_1_52' title='bbox 909 2753 1004 2806; x_wconf 87' lang='lat' dir='ltr'>collerrt</span> <span class='ocrx_word' id='word_1_53' title='bbox 1021 2771 1026 2802; x_wconf 94' lang='lat'><strong>:</strong></span> 
     </span>
     <span class='ocr_line' id='line_1_11' title="bbox 332 2841 1045 2909; baseline 0.01 -20"><span class='ocrx_word' id='word_1_54' title='bbox 332 2841 391 2890; x_wconf 90' lang='lat' dir='ltr'>Non</span> <span class='ocrx_word' id='word_1_55' title='bbox 407 2851 496 2893; x_wconf 84' lang='lat' dir='ltr'>tamen</span> <span class='ocrx_word' id='word_1_56' title='bbox 513 2843 641 2894; x_wconf 85' lang='lat' dir='ltr'>absistam</span> <span class='ocrx_word' id='word_1_57' title='bbox 659 2854 783 2909; x_wconf 89' lang='lat' dir='ltr'>coeptum</span> <span class='ocrx_word' id='word_1_58' title='bbox 798 2844 919 2894; x_wconf 83' lang='lat' dir='ltr'>detexere</span> <span class='ocrx_word' id='word_1_59' title='bbox 936 2861 1045 2906; x_wconf 86' lang='lat' dir='ltr'>munus,</span> 
     </span>
     <span class='ocr_line' id='line_1_12' title="bbox 331 2931 993 3002; baseline 0.003 -20"><span class='ocrx_word' id='word_1_60' title='bbox 331 2931 359 2982; x_wconf 92' lang='lat' dir='ltr'>ln</span> <span class='ocrx_word' id='word_1_61' title='bbox 375 2949 429 3000; x_wconf 92' lang='lat' dir='ltr'>quo</span> <span class='ocrx_word' id='word_1_62' title='bbox 447 2933 503 2984; x_wconf 88' lang='lat' dir='ltr'>iure</span> <span class='ocrx_word' id='word_1_63' title='bbox 519 2949 590 2985; x_wconf 89' lang='lat' dir='ltr'>meas</span> <span class='ocrx_word' id='word_1_64' title='bbox 608 2935 709 2984; x_wconf 88' lang='lat' dir='ltr'>utinam</span> <span class='ocrx_word' id='word_1_65' title='bbox 723 2935 888 3002; x_wconf 90' lang='lat' dir='ltr'>requiescere</span> <span class='ocrx_word' id='word_1_66' title='bbox 903 2949 993 2985; x_wconf 89' lang='lat' dir='ltr'>musas</span> 
     </span>
     <span class='ocr_line' id='line_1_13' title="bbox 331 3022 983 3090; baseline 0.003 -18"><span class='ocrx_word' id='word_1_67' title='bbox 331 3022 363 3072; x_wconf 89' lang='lat' dir='ltr'>Et</span> <span class='ocrx_word' id='word_1_68' title='bbox 378 3023 471 3072; x_wconf 90' lang='lat' dir='ltr'>leviter</span> <span class='ocrx_word' id='word_1_69' title='bbox 487 3024 613 3074; x_wconf 87' lang='lat' dir='ltr'>blandum</span> <span class='ocrx_word' id='word_1_70' title='bbox 632 3024 709 3075; x_wconf 88' lang='lat' dir='ltr'>liceat</span> <span class='ocrx_word' id='word_1_71' title='bbox 721 3026 855 3090; x_wconf 87' lang='lat' dir='ltr'>deponere</span> <span class='ocrx_word' id='word_1_72' title='bbox 872 3041 983 3075; x_wconf 89' lang='lat' dir='ltr'>morem.</span> 
     </span>
     <span class='ocr_line' id='line_1_14' title="bbox 332 3111 931 3178; baseline 0.008 -19"><span class='ocrx_word' id='word_1_73' title='bbox 332 3111 409 3170; x_wconf 92' lang='lat' dir='ltr'>Quod</span> <span class='ocrx_word' id='word_1_74' title='bbox 425 3111 448 3160; x_wconf 91' lang='lat' dir='ltr'>si</span> <span class='ocrx_word' id='word_1_75' title='bbox 464 3111 725 3163; x_wconf 85' lang='lat' dir='ltr'>mirificum</span> <span class='ocrx_word' id='word_1_76' title='bbox 741 3129 824 3178; x_wconf 87' lang='lat' dir='ltr'>genus</span> <span class='ocrx_word' id='word_1_77' title='bbox 835 3129 931 3164; x_wconf 89' lang='lat' dir='ltr'>omnes</span> 
     </span>
     <span class='ocr_line' id='line_1_15' title="bbox 330 3199 964 3259; baseline 0.006 -11"><span class='ocrx_word' id='word_1_78' title='bbox 330 3199 471 3250; x_wconf 83' lang='lat' dir='ltr'>Mirificunr</span> <span class='ocrx_word' id='word_1_79' title='bbox 489 3200 567 3250; x_wconf 89' lang='lat' dir='ltr'>saecli</span> <span class='ocrx_word' id='word_1_80' title='bbox 584 3202 664 3252; x_wconf 87' lang='lat' dir='ltr'>modo</span> <span class='ocrx_word' id='word_1_81' title='bbox 678 3201 713 3252; x_wconf 89' lang='lat' dir='ltr'>sit</span> <span class='ocrx_word' id='word_1_82' title='bbox 727 3202 775 3251; x_wconf 89' lang='lat' dir='ltr'>tibi</span> <span class='ocrx_word' id='word_1_83' title='bbox 789 3202 856 3252; x_wconf 89' lang='lat' dir='ltr'>velle</span> <span class='ocrx_word' id='word_1_84' title='bbox 871 3201 964 3259; x_wconf 86' lang='lat' dir='ltr'>libido.</span> 
     </span>
     <span class='ocr_line' id='line_1_16' title="bbox 329 3291 1035 3361; baseline 0.003 -19"><span class='ocrx_word' id='word_1_85' title='bbox 329 3291 356 3342; x_wconf 88' lang='lat' dir='ltr'>Si</span> <span class='ocrx_word' id='word_1_86' title='bbox 372 3291 439 3342; x_wconf 89' lang='lat' dir='ltr'>mihi</span> <span class='ocrx_word' id='word_1_87' title='bbox 457 3291 510 3342; x_wconf 86' lang='lat' dir='ltr'>ianr</span> <span class='ocrx_word' id='word_1_88' title='bbox 526 3308 647 3343; x_wconf 87' lang='lat' dir='ltr'>summas</span> <span class='ocrx_word' id='word_1_89' title='bbox 661 3294 796 3359; x_wconf 82' lang='lat' dir='ltr'>Sapientia</span> <span class='ocrx_word' id='word_1_90' title='bbox 813 3296 940 3361; x_wconf 88' lang='lat' dir='ltr'>panderet</span> <span class='ocrx_word' id='word_1_91' title='bbox 955 3309 1035 3358; x_wconf 84' lang='lat' dir='ltr'>arces,</span> 
     </span>
     <span class='ocr_line' id='line_1_17' title="bbox 331 3381 998 3448; baseline 0.004 -17"><span class='ocrx_word' id='word_1_92' title='bbox 331 3381 463 3441; x_wconf 84' lang='lat' dir='ltr'>Quattuor</span> <span class='ocrx_word' id='word_1_93' title='bbox 476 3383 595 3448; x_wconf 86' lang='lat' dir='ltr'>antiquis</span> <span class='ocrx_word' id='word_1_94' title='bbox 612 3383 757 3435; x_wconf 89' lang='lat' dir='ltr'>heredibus</span> <span class='ocrx_word' id='word_1_95' title='bbox 771 3385 861 3434; x_wconf 88' lang='lat' dir='ltr'>addita</span> <span class='ocrx_word' id='word_1_96' title='bbox 877 3399 998 3442; x_wconf 84' lang='lat' dir='ltr'>consors,</span> 
     </span>
     <span class='ocr_line' id='line_1_18' title="bbox 331 3471 1061 3539; baseline -0.003 -17"><span class='ocrx_word' id='word_1_97' title='bbox 331 3471 407 3522; x_wconf 92' lang='lat' dir='ltr'>Unde</span> <span class='ocrx_word' id='word_1_98' title='bbox 421 3471 564 3522; x_wconf 88' lang='lat' dir='ltr'>hominurn</span> <span class='ocrx_word' id='word_1_99' title='bbox 579 3487 681 3522; x_wconf 85' lang='lat' dir='ltr'>errores</span> <span class='ocrx_word' id='word_1_100' title='bbox 696 3473 775 3538; x_wconf 87' lang='lat' dir='ltr'>longe</span> <span class='ocrx_word' id='word_1_101' title='bbox 787 3474 891 3539; x_wconf 86' lang='lat' dir='ltr'>lateque</span> <span class='ocrx_word' id='word_1_102' title='bbox 906 3488 952 3538; x_wconf 91' lang='lat' dir='ltr'>per</span> <span class='ocrx_word' id='word_1_103' title='bbox 968 3472 1061 3522; x_wconf 86' lang='lat' dir='ltr'>orbem</span> 
     </span>
     <span class='ocr_line' id='line_1_19' title="bbox 330 3561 1116 3628; baseline -0.001 -17"><span class='ocrx_word' id='word_1_104' title='bbox 330 3561 469 3626; x_wconf 88' lang='lat' dir='ltr'>Despicere</span> <span class='ocrx_word' id='word_1_105' title='bbox 485 3573 564 3628; x_wconf 89' lang='lat' dir='ltr'>atque</span> <span class='ocrx_word' id='word_1_106' title='bbox 582 3562 699 3612; x_wconf 83' lang='lat' dir='ltr'>humiles</span> <span class='ocrx_word' id='word_1_107' title='bbox 715 3578 820 3628; x_wconf 89' lang='lat' dir='ltr'>possem</span> <span class='ocrx_word' id='word_1_108' title='bbox 835 3572 1004 3614; x_wconf 83' lang='lat' dir='ltr'>contemnere</span> <span class='ocrx_word' id='word_1_109' title='bbox 1019 3575 1116 3612; x_wconf 86' lang='lat' dir='ltr'>curas:</span> 
     </span>
     <span class='ocr_line' id='line_1_20' title="bbox 331 3651 938 3716; baseline 0 -16"><span class='ocrx_word' id='word_1_110' title='bbox 331 3651 390 3700; x_wconf 91' lang='lat' dir='ltr'>Non</span> <span class='ocrx_word' id='word_1_111' title='bbox 405 3666 453 3716; x_wconf 84' lang='lat' dir='ltr'>ego</span> <span class='ocrx_word' id='word_1_112' title='bbox 467 3661 494 3701; x_wconf 89' lang='lat' dir='ltr'>te</span> <span class='ocrx_word' id='word_1_113' title='bbox 511 3652 588 3701; x_wconf 87' lang='lat' dir='ltr'>talem</span> <span class='ocrx_word' id='word_1_114' title='bbox 605 3667 742 3702; x_wconf 82' lang='lat' dir='ltr'>venerarer</span> <span class='ocrx_word' id='word_1_115' title='bbox 758 3667 869 3702; x_wconf 88' lang='lat' dir='ltr'>munere</span> <span class='ocrx_word' id='word_1_116' title='bbox 883 3651 938 3710; x_wconf 87' lang='lat' dir='ltr'>tali,</span> 
     </span>
     <span class='ocr_line' id='line_1_21' title="bbox 332 3739 1025 3806; baseline -0.001 -17"><span class='ocrx_word' id='word_1_117' title='bbox 332 3740 389 3789; x_wconf 92' lang='lat' dir='ltr'>Non</span> <span class='ocrx_word' id='word_1_118' title='bbox 404 3739 528 3806; x_wconf 88' lang='lat' dir='ltr'>equidem</span> <span class='ocrx_word' id='word_1_119' title='bbox 546 3741 679 3806; x_wconf 88' lang='lat' dir='ltr'>(quamvis</span> <span class='ocrx_word' id='word_1_120' title='bbox 693 3741 828 3792; x_wconf 81' lang='lat' dir='ltr'>interdum</span> <span class='ocrx_word' id='word_1_121' title='bbox 845 3739 935 3790; x_wconf 91' lang='lat' dir='ltr'>ludere</span> <span class='ocrx_word' id='word_1_122' title='bbox 948 3739 1025 3788; x_wconf 92' lang='lat' dir='ltr'>nobis</span> 
     </span>
     <span class='ocr_line' id='line_1_22' title="bbox 332 3829 1037 3896; baseline -0.004 -17"><span class='ocrx_word' id='word_1_123' title='bbox 332 3830 364 3879; x_wconf 88' lang='lat' dir='ltr'>Et</span> <span class='ocrx_word' id='word_1_124' title='bbox 378 3830 504 3895; x_wconf 86' lang='lat' dir='ltr'>gracilem</span> <span class='ocrx_word' id='word_1_125' title='bbox 517 3830 591 3879; x_wconf 90' lang='lat' dir='ltr'>molli</span> <span class='ocrx_word' id='word_1_126' title='bbox 607 3830 683 3880; x_wconf 89' lang='lat' dir='ltr'>liceat</span> <span class='ocrx_word' id='word_1_127' title='bbox 697 3830 762 3896; x_wconf 89' lang='lat' dir='ltr'>pede</span> <span class='ocrx_word' id='word_1_128' title='bbox 776 3830 897 3880; x_wconf 88' lang='lat' dir='ltr'>claudere</span> <span class='ocrx_word' id='word_1_129' title='bbox 910 3829 1037 3890; x_wconf 77' lang='lat' dir='ltr'>versum),</span> 
     </span>
     <span class='ocr_line' id='line_1_23' title="bbox 329 3917 1007 3983; baseline 0 -17"><span class='ocrx_word' id='word_1_130' title='bbox 329 3917 380 3966; x_wconf 87' lang='lat' dir='ltr'>Sed</span> <span class='ocrx_word' id='word_1_131' title='bbox 395 3933 494 3983; x_wconf 86' lang='lat' dir='ltr'>magno</span> <span class='ocrx_word' id='word_1_132' title='bbox 511 3917 644 3976; x_wconf 87' lang='lat' dir='ltr'>intexens,</span> <span class='ocrx_word' id='word_1_133' title='bbox 658 3919 679 3968; x_wconf 89' lang='lat' dir='ltr'>si</span> <span class='ocrx_word' id='word_1_134' title='bbox 695 3917 733 3968; x_wconf 87' lang='lat' dir='ltr'>fas</span> <span class='ocrx_word' id='word_1_135' title='bbox 751 3929 791 3969; x_wconf 89' lang='lat' dir='ltr'>est</span> <span class='ocrx_word' id='word_1_136' title='bbox 804 3919 899 3982; x_wconf 87' lang='lat' dir='ltr'>dicere,</span> <span class='ocrx_word' id='word_1_137' title='bbox 918 3918 1007 3983; x_wconf 81' lang='lat' dir='ltr'>peplo,</span> 
     </span>
     <span class='ocr_line' id='line_1_24' title="bbox 330 4005 952 4072; baseline 0.002 -18"><span class='ocrx_word' id='word_1_138' title='bbox 330 4005 425 4065; x_wconf 78' lang='lat' dir='ltr'>Qualis</span> <span class='ocrx_word' id='word_1_139' title='bbox 440 4006 597 4056; x_wconf 84' lang='lat' dir='ltr'>Erechtheis</span> <span class='ocrx_word' id='word_1_140' title='bbox 613 4007 677 4056; x_wconf 91' lang='lat' dir='ltr'>olim</span> <span class='ocrx_word' id='word_1_141' title='bbox 693 4017 812 4072; x_wconf 81' lang='lat' dir='ltr'>portatur</span> <span class='ocrx_word' id='word_1_142' title='bbox 828 4006 952 4069; x_wconf 83' lang='lat' dir='ltr'>Athenis,</span> 
     </span>
     <span class='ocr_line' id='line_1_25' title="bbox 330 4093 977 4146; baseline 0.003 -4"><span class='ocrx_word' id='word_1_143' title='bbox 330 4093 423 4144; x_wconf 82' lang='lat' dir='ltr'>Debita</span> <span class='ocrx_word' id='word_1_144' title='bbox 437 4110 498 4144; x_wconf 90' lang='lat' dir='ltr'>cum</span> <span class='ocrx_word' id='word_1_145' title='bbox 514 4104 599 4144; x_wconf 90' lang='lat' dir='ltr'>castae</span> <span class='ocrx_word' id='word_1_146' title='bbox 614 4095 755 4145; x_wconf 90' lang='lat' dir='ltr'>solvuntur</span> <span class='ocrx_word' id='word_1_147' title='bbox 766 4105 826 4145; x_wconf 88' lang='lat' dir='ltr'>vota</span> <span class='ocrx_word' id='word_1_148' title='bbox 844 4095 977 4146; x_wconf 78' lang='lat' dir='ltr'>Minervae</span> 
     </span>
     <span class='ocr_line' id='line_1_26' title="bbox 330 4182 1041 4251; baseline 0.001 -19"><span class='ocrx_word' id='word_1_149' title='bbox 330 4182 470 4249; x_wconf 84' lang='lat' dir='ltr'>Tardaque</span> <span class='ocrx_word' id='word_1_150' title='bbox 484 4183 605 4235; x_wconf 86' lang='lat' dir='ltr'>confecto</span> <span class='ocrx_word' id='word_1_151' title='bbox 621 4185 732 4235; x_wconf 88' lang='lat' dir='ltr'>redeunt</span> <span class='ocrx_word' id='word_1_152' title='bbox 746 4184 934 4251; x_wconf 89' lang='lat' dir='ltr'>quinquennia</span> <span class='ocrx_word' id='word_1_153' title='bbox 948 4185 1041 4246; x_wconf 89' lang='lat' dir='ltr'>lustro,</span> 
     </span>
     <span class='ocr_line' id='line_1_27' title="bbox 333 4272 1004 4338; baseline 0.001 -17"><span class='ocrx_word' id='word_1_154' title='bbox 333 4272 400 4322; x_wconf 87' lang='lat' dir='ltr'>Cum</span> <span class='ocrx_word' id='word_1_155' title='bbox 417 4273 483 4322; x_wconf 90' lang='lat' dir='ltr'>levis</span> <span class='ocrx_word' id='word_1_156' title='bbox 494 4274 596 4322; x_wconf 82' lang='lat' dir='ltr'>alterno</span> <span class='ocrx_word' id='word_1_157' title='bbox 612 4273 745 4338; x_wconf 88' lang='lat' dir='ltr'>zephyrus</span> <span class='ocrx_word' id='word_1_158' title='bbox 759 4273 926 4324; x_wconf 88' lang='lat' dir='ltr'>concrebruit</span> <span class='ocrx_word' id='word_1_159' title='bbox 940 4289 1004 4324; x_wconf 88' lang='lat' dir='ltr'>euro</span> 
     </span>
     <span class='ocr_line' id='line_1_28' title="bbox 334 4362 1012 4430; baseline -0.006 -18"><span class='ocrx_word' id='word_1_160' title='bbox 334 4362 365 4412; x_wconf 91' lang='lat' dir='ltr'>Et</span> <span class='ocrx_word' id='word_1_161' title='bbox 377 4377 463 4428; x_wconf 83' lang='lat' dir='ltr'>prono</span> <span class='ocrx_word' id='word_1_162' title='bbox 476 4363 615 4430; x_wconf 84' lang='lat' dir='ltr'>gravidum</span> <span class='ocrx_word' id='word_1_163' title='bbox 630 4365 750 4430; x_wconf 87' lang='lat' dir='ltr'>provexit</span> <span class='ocrx_word' id='word_1_164' title='bbox 765 4363 881 4429; x_wconf 84' lang='lat' dir='ltr'>pondere</span> <span class='ocrx_word' id='word_1_165' title='bbox 895 4377 1012 4412; x_wconf 88' lang='lat' dir='ltr'>currum.</span> 
     </span>
    </p>
   </div>
   <div class='ocr_carea' id='block_1_4' title="bbox 1248 2485 1261 2535">
    <p class='ocr_par' dir='ltr' id='par_1_4' title="bbox 1248 2485 1261 2535">
     <span class='ocr_line' id='line_1_29' title="bbox 1248 2485 1261 2535; baseline 0 0"><span class='ocrx_word' id='word_1_166' title='bbox 1248 2485 1261 2535; x_wconf 74' lang='lat' dir='ltr'>h</span> 
     </span>
    </p>
   </div>
   <div class='ocr_carea' id='block_1_5' title="bbox 0 0 1577 5072">
    <p class='ocr_par' dir='ltr' id='par_1_5' title="bbox 0 0 1577 5072">
     <span class='ocr_line' id='line_1_30' title="bbox 0 0 1577 5072; baseline 0 0"><span class='ocrx_word' id='word_1_167' title='bbox 0 0 1577 5072; x_wconf 95' lang='lat' dir='ltr'> </span> 
     </span>
    </p>
   </div>
  </div>
 </body>
</html>
