3140 5072
282 427 329 501 56
632 444 680 493 us
707 442 873 495 canutus
900 441 996 494 ernis

278 592 309 644 et
338 574 380 640 de
401 571 514 639 Tereo
539 567 718 636 Maronem
738 567 907 635 allusisse?
929 565 1021 655 Quia
1046 567 1170 637 scilicet
1190 568 1345 663 Grynaei

275 711 398 760 nemus
414 686 624 775 sequuntur?
646 683 713 754 Sed
734 686 798 753 hos
811 706 928 753 versus
952 685 1041 752 canit
1065 685 1184 772 Linus,
1201 687 1274 755 illos
1295 686 1346 758 Si-

275 808 393 875 lenum
410 800 566 871 cecinisse
581 800 651 892 ipse
665 819 780 869 narrat
795 818 913 890 poeta3
930 800 1011 890 quid
1026 800 1126 890 igitur
1140 825 1160 870 a
1177 821 1268 873 recta
1286 829 1346 876 ra-

279 921 370 990 tione
394 936 427 988 et
454 917 667 1008 simplicitate
699 920 806 1008 magis
845 918 996 986 alienum
1024 918 1080 1005 sit,
1109 921 1280 1009 quamsi,
1308 941 1347 993 ut

282 1034 486 1128 quibusdam
499 1035 621 1124 placet,
637 1033 772 1102 laudem
787 1056 808 1103 a
823 1033 910 1102 Lino
922 1033 1089 1123 inceptam
1106 1031 1240 1105 Silenus
1255 1037 1347 1108 exci—
1415 1025 1419 1034 ’

281 1151 377 1243 piat?

328 1269 520 1348 Praeterea,
543 1288 585 1334 ne
609 1265 690 1355 quid
709 1265 742 1332 in
767 1265 831 1335 hoc
850 1265 1010 1335 immorer
1022 1264 1115 1356 quod
1132 1263 1251 1336 Gallus
1271 1287 1348 1338 tum

285 1400 384 1454 natus
398 1383 442 1452 ad
458 1381 574 1474 viginti
590 1398 666 1450 octo
684 1404 806 1468 annos,
821 1396 940 1450 auctor
953 1380 1039 1450 Ciris
1056 1405 1128 1451 esse
1138 1385 1347 1474 nonpotuit,

283 1523 386 1591 quem
398 1515 512 1589 pateat
532 1514 612 1566 natu
628 1498 843 1589 grandiorem
861 1498 975 1585 fuisse,
1000 1498 1127 1591 Scylla,
1141 1522 1246 1591 quarn
1259 1501 1351 1572 canit

284 1615 433 1703 Silenus,
450 1636 519 1684 non
538 1615 649 1705 puella
671 1615 768 1683 estin
787 1637 900 1704 avem,
920 1615 978 1684 sed
998 1616 1032 1685 in
1053 1617 1180 1707 piscem
1203 1632 1346 1690 mutata.

288 1734 389 1804 Hanc
407 1756 487 1804 vero
503 1750 617 1803 noster
631 1733 719 1802 ultro
733 1734 905 1824 profitetur
924 1757 992 1803 non
1013 1756 1111 1803 suam
1127 1757 1198 1804 esse
1218 1756 1226 1802 :
1295 1791 1297 1798 .

442 1957 603 2023 Complures
616 1955 688 2006 illam
705 1965 731 2006 er
746 1955 846 2020 magni,
861 1957 992 2015 Messalla,
1006 1969 1098 2022 poetae

441 2046 521 2108 (Nam
536 2061 630 2096 verum
649 2045 795 2108 fateamur3
812 2056 883 2095 amat
899 2046 1078 2113 Polyhymnia
1095 2049 1201 2111 verum)

442 2136 533 2200 Longe
548 2137 598 2184 alia
611 2135 755 2201 perhibent
770 2145 901 2184 mutatam
916 2137 1035 2186 membra
1049 2136 1134 2202 figura

355 2287 357 2293 k
441 2223 592 2288 Scyllaeum
609 2233 730 2273 monstro
748 2238 841 2272 saxum
860 2223 985 2274 infestare
999 2224 1096 2286 voraci,
1110 2233 1160 2275 etc.
1175 2227 1194 2275 ¹.

288 2420 437 2511 Vergilio
463 2419 616 2509 quidem,
638 2436 675 2488 ut
701 2420 787 2507 aliis,
807 2419 927 2489 licebat
952 2419 986 2488 in
1009 2421 1135 2510 piscem
1148 2420 1256 2490 filiam
1273 2421 1350 2491 Nisi

249 2603 253 2613 ,
290 2553 442 2619 mutare3
471 2537 528 2605 sed
553 2535 636 2604 illud
653 2558 870 2626 nequaquam
888 2536 928 2605 iis
947 2535 1076 2605 fecisset
1099 2536 1264 2624 versibus,
1294 2537 1354 2607 ubi

290 2675 413 2743 poema
437 2651 666 2739 laudavisset,
697 2675 765 2743 quo
801 2653 939 2722 ineunte
961 2669 1031 2722 tam
1056 2674 1210 2743 expresse
1234 2676 1255 2723 a
1281 2653 1352 2723 filia

206 2748 209 2755 ’
291 2771 416 2839 Phorci
438 2769 514 2839 rust
533 2770 840 2862 nnausnnguuur.

305 2899 308 2904 ’
338 2887 428 2956 Cum
442 2886 542 2978 igitur
553 2907 621 2954 non
634 2885 744 2974 magis
755 2883 935 2954 Cornelius
945 2885 1065 2955 Gallus
1076 2906 1183 2974 quam
1198 2882 1354 2952 Catullus

294 3020 352 3071 aut
369 3003 470 3071 Maro
481 3001 575 3072 Cirin
588 2999 769 3091 scripserit,
782 3000 858 3089 quis
870 2999 971 3070 fuisse
981 3000 1052 3070 eius
1065 3001 1224 3071 carminis
1236 3019 1356 3072 auctor

293 3118 465 3209 putandus
482 3119 555 3186 est?
569 3116 631 3184 Vir
653 3116 869 3185 doctissimus
887 3140 994 3208 nuper
1008 3118 1077 3187 fieri
1090 3141 1189 3209 posse
1211 3118 1354 3189 arbitra-

293 3251 347 3303 tus
374 3251 422 3302 est
449 3251 486 3302 ut
515 3256 535 3302 a
563 3249 663 3324 poeta
689 3233 745 3301 illo
776 3233 949 3302 conditum
971 3233 1013 3302 sit
1034 3256 1135 3323 quem
1159 3232 1356 3326 Propertius

294 3349 432 3440 Lyncea
446 3349 599 3419 nominat
614 3359 641 3418 ².
652 3347 763 3418 Nobis
775 3370 862 3432 vero,
874 3348 956 3438 quin
967 3349 1054 3418 hanc
1064 3349 1261 3441 opinionem
1275 3346 1357 3417 reci·

293 3469 442 3559 piamus‚
455 3465 569 3534 obstat
591 3461 683 3553 quod
699 3483 769 3530 non
788 3461 868 3531 satis
891 3483 1076 3552 congruere
1099 3463 1254 3532 videntur
1268 3483 1356 3552 quae

295 3584 336 3654 de
352 3599 468 3652 nostro
485 3580 643 3650 novimus
658 3600 737 3647 cum
758 3578 798 3647 iis
815 3602 901 3669 quae
921 3602 983 3648 nos
997 3580 1038 3648 de
1054 3581 1190 3670 Lynceo
1206 3578 1355 3670 Proper·

296 3701 362 3769 tius
377 3699 486 3767 docet.
501 3695 590 3766 Sane
603 3696 740 3786 quidem
755 3713 891 3787 propter
905 3711 1096 3787 temporum
1107 3695 1272 3764 rationem
1287 3716 1356 3762 non

296 3838 461 3906 negamus
484 3815 621 3904 Lyncea
642 3811 791 3903 potuisse
823 3812 949 3902 aliquid
977 3812 1120 3883 scribere
1147 3812 1250 3903 paulo
1279 3827 1357 3902 post

295 3931 433 4022 Vergilii
457 3945 614 4016 mortem,
630 3949 709 3996 cunt
734 3943 815 3996 natu
839 3927 947 3996 maior
969 3928 1120 3996 videatur
1139 3927 1240 3996 fuisse
1266 3927 1353 3996 Pro-

332 4226 355 4260 1.
374 4209 454 4270 Ciris,
474 4209 486 4260 5
509 4246 515 4259 .

329 4315 353 4350 2.
366 4299 410 4350 W.
421 4225 533 4362 Teuliel
549 4297 644 4349 Gesch.
658 4295 792 4346 deRoent.
808 4293 882 4350 Lite..
896 4309 960 4358 244„
974 4294 997 4343 3.

404 4752 1129 5020 nm
