3140 5072
617 515 803 565 APPENDIX

307 641 338 690 Et
354 639 442 707 siquis
456 638 579 689 nocuisse
596 639 644 689 tibi
659 639 774 705 periuria
789 641 885 701 credat,

305 730 391 780 Causa
408 729 451 794 pia
462 739 500 778 est
514 745 522 777 ι
538 728 629 778 timuit
642 728 715 778 fratri
728 740 752 778 te
768 729 909 779 ostendere
924 730 1001 779 luno.

305 819 339 866 At
354 816 419 866 levis
434 816 478 864 ille
492 816 566 878 deus,
580 816 620 865 cui
636 831 741 883 semper
754 817 785 866 ad
799 815 983 866 ulciscendum

306 904 449 964 Quaeritur
459 918 491 952 ex
507 903 582 952 omni
599 904 679 953 verbo
693 914 772 969 atque
787 904 885 953 iniuria
900 904 977 963 lacto,

305 995 392 1042 Aurea
409 992 523 1058 fulgenti
539 994 701 1058 depromens
713 995 762 1044 tela
779 994 900 1059 pharetra
922 1015 931 1024 -

307 1079 363 1128 Heu
382 1079 499 1129 nimium
515 1092 595 1144 certo,
610 1081 724 1130 nimium
739 1081 868 1131 torrentia
885 1082 956 1143 nisu,

307 1167 426 1233 Virginis
440 1168 468 1217 in
480 1178 570 1217 tenera
584 1168 709 1218 defixerat
723 1169 816 1219 omnia
831 1180 930 1220 mente.

336 1256 411 1316 Quae
425 1256 548 1306 simulac
564 1257 639 1306 venis
652 1257 741 1307 hausit
756 1258 910 1309 sitientibus
924 1259 1013 1324 ignem

306 1346 338 1396 Et
352 1346 472 1396 validum
490 1345 596 1410 penitus
612 1346 733 1411 concepit
748 1346 775 1395 in
792 1363 851 1398 ossa
866 1348 994 1411 furorem,

306 1437 387 1485 Saeva
401 1435 474 1485 velut
488 1433 585 1498 gelidis
603 1435 725 1484 Edonum
742 1436 860 1488 Bistonis
875 1439 930 1488 oris

305 1522 389 1572 lctave
404 1523 540 1573 barbarico
555 1523 668 1590 Cybeles
683 1526 801 1576 antistita
814 1527 886 1578 buxo

306 1612 402 1662 infelix
417 1613 491 1678 virgo
505 1623 561 1664 tota
575 1614 719 1665 bacchatur
733 1615 760 1665 in
775 1618 851 1676 urbe,

309 1701 368 1750 Non
384 1712 485 1752 storace
501 1703 577 1752 ldaeo
591 1702 738 1767 fragrantes
751 1705 831 1756 tincta
842 1707 963 1772 capillos,

308 1789 422 1854 Cognita
440 1805 495 1838 non
511 1790 610 1839 teneris
626 1791 738 1855 pedibus
749 1792 874 1858 Sicyonia
890 1809 1009 1859 servans,

306 1876 366 1926 Non
384 1878 462 1926 niveo
481 1877 602 1926 retinens
618 1878 706 1927 bacara
721 1879 833 1929 monilia
846 1881 924 1933 collo.

306 1967 422 2016 Multum
438 1965 477 2016 illi
491 1965 592 2017 incerto
604 1967 735 2032 trepidant
754 1968 863 2034 vestigia
876 1985 955 2022 cursu
972 1989 978 2022 :

306 2055 389 2120 Saepe
406 2055 475 2105 redit
489 2055 588 2119 patrios
600 2057 758 2106 adscendere
775 2057 876 2122 perdita
891 2075 983 2111 muros

306 2144 451 2210 aeriasque
465 2141 529 2192 facit
541 2159 648 2194 causam
663 2159 692 2195 se
705 2145 792 2196 visere
808 2157 902 2209 turres,

305 2234 387 2297 Saepe
404 2232 485 2282 etiam
501 2234 592 2284 tristes
609 2235 718 2284 volvens
732 2235 759 2284 in
776 2247 853 2286 nocte
869 2239 991 2303 querelas

307 2320 422 2371 Sedibus
437 2337 468 2371 ex
486 2323 547 2372 altis
561 2325 629 2373 arcis
643 2325 793 2388 speculatur
803 2340 923 2377 amorem

307 2408 452 2474 Castraque
466 2423 616 2477 prospectat
632 2414 732 2464 crebris
746 2415 861 2466 lucentia
877 2416 1004 2471 flammis.

308 2499 387 2550 Nulla
401 2501 490 2550 colum
508 2503 591 2562 novit,
607 2519 699 2554 carum
715 2521 769 2554 non
781 2507 890 2571 respicit
903 2523 1010 2569 aurum.

308 2585 366 2634 Non
380 2598 473 2651 arguta
488 2602 586 2642 sonant
599 2593 672 2642 tenui
692 2594 815 2659 psalteria
830 2595 939 2660 chorda,

309 2673 369 2724 Non
385 2674 486 2742 Libyco
503 2681 600 2731 molles
613 2681 780 2747 plauduntur
797 2684 899 2748 pectine
913 2686 989 2737 telae.

305 2764 403 2814 Nullus
418 2765 446 2814 in
463 2781 509 2815 ore
523 2767 604 2817 rubor
620 2785 626 2816 :
643 2767 690 2817 ubi
708 2768 781 2817 enim
798 2769 890 2829 rubor,
906 2772 993 2822 obstat
1005 2775 1099 2828 amori.

308 2854 395 2918 Atque
411 2853 456 2902 ubi
471 2855 544 2904 nulla
559 2856 637 2906 malis
651 2857 750 2922 reperit
764 2858 862 2908 solacia
874 2861 956 2910 tantis

307 2941 523 3008 Tabidulamque
537 2945 608 2994 videt
623 2945 674 2995 labi
689 2961 735 3010 per
746 2947 846 2996 viscera
864 2959 989 3011 mortem,

308 3031 368 3090 Quo
383 3041 459 3082 vocat
476 3033 512 3082 ire
530 3035 615 3096 dolor,
628 3034 757 3099 subigunt
774 3051 828 3102 quo
843 3037 950 3087 tendere
964 3038 1025 3103 fata,

301 3121 403 3172 *Fertur
414 3132 438 3171 et
453 3121 575 3172 horribili
590 3138 714 3188 praeceps
726 3123 876 3189 impellitur
890 3136 987 3190 oestro,

308 3210 342 3260 Ut
355 3210 447 3276 patris,
461 3229 476 3263 a
490 3213 611 3272 demens,
627 3212 727 3262 crinem
740 3213 772 3262 de
784 3213 882 3264 vertice
898 3223 1001 3265 sectum

307 3306 465 3372 Furtimque
482 3314 577 3370 arguto
591 3304 735 3354 detonsum
750 3303 867 3354 mitteret
881 3304 964 3366 hosti,

305 3396 442 3462 (Namque
456 3396 520 3446 haec
539 3393 662 3444 condicio
678 3393 790 3444 miserae
807 3395 968 3460 proponitur
982 3399 1046 3462 una)

307 3485 368 3535 Sive
383 3485 429 3534 illa
443 3484 571 3550 ignorans
587 3483 661 3548 (quis
674 3498 729 3532 non
741 3483 827 3533 bonus
843 3483 935 3533 omnia
950 3485 1027 3535 malit

306 3574 422 3630 ‚Credere
437 3589 518 3639 quarn
537 3573 603 3622 tanti
620 3572 727 3622 sceleris
743 3571 868 3621 damnare
884 3572 1029 3638 puellam‘r)

306 3664 365 3715 Heu
377 3675 467 3715 tamen
484 3661 576 3712 infelix
595 3661 684 3725 :quid
700 3660 774 3710 enim
789 3660 969 3726 imprudentia
987 3663 1111 3727 prodest?
1194 3686 1241 3737 ¹90

309 3753 372 3804 Nise
387 3763 469 3819 pater,
485 3751 527 3802 cui
543 3750 647 3814 direpta
660 3749 800 3800 crudeliter
817 3749 883 3799 urbe

309 3843 359 3893 Vix
374 3845 424 3894 erit
438 3858 492 3894 una
506 3856 586 3907 super
597 3841 673 3891 sedes
687 3841 715 3890 in
731 3840 851 3891 turribus
863 3841 932 3900 altis.

307 3932 327 3981 F
329 3931 461 3983 essusubi
479 3939 612 3981 exstructo
627 3929 714 3995 possis
726 3930 864 3981 considere
882 3931 956 3994 nido,

307 4021 377 4072 Tum
396 4035 505 4087 quoque
518 4019 575 4070 avis
591 4027 728 4069 metuere:
746 4019 820 4069 dabit
836 4019 884 4069 tibi
899 4019 953 4070 filia
967 4034 1078 4085 poenas.

306 4109 434 4168 Gaudete,
449 4125 466 4158 o
480 4108 586 4167 celeres,
604 4106 731 4156 subnisae
745 4107 864 4157 nubibus
878 4107 949 4168 altis,
1194 4117 1241 4185 195

307 4196 381 4256 Quae
396 4211 478 4261 mare,
493 4210 561 4261 quae
575 4194 673 4244 virides
687 4194 767 4246 silvas
782 4196 911 4262 lucosque
927 4205 1053 4248 sonantes

309 4287 439 4347 incolitis.
453 4287 574 4354 gaudete,
586 4301 666 4352 vagae
678 4287 844 4353 blandaeque
858 4288 993 4350 volucres;

307 4375 417 4440 Vosque
431 4377 506 4439 adeo,
522 4377 656 4426 humanos
671 4387 786 4426 mutatae
801 4376 921 4442 corporis
937 4387 1020 4439 artus,

1024 1569 1034 1596 l
