3140 5072
749 505 932 556 APPENDIX

432 623 506 674 Felix
521 623 566 674 illa
581 623 638 674 dies
652 623 714 674 felix
728 635 754 675 et
769 625 867 677 dicitur
880 641 976 687 annus,

432 712 534 762 Felices
548 712 595 777 qui
611 713 690 762 talem
704 727 807 764 annum
825 714 914 766 videre
929 715 1053 782 diemque
1071 735 1076 766 :

432 803 502 868 Ergo
520 802 649 853 Palladiae
662 814 788 855 texuntur
802 805 829 854 in
844 805 939 856 ordine
954 821 1058 871 pugnae

431 893 527 956 Magna
544 891 683 958 Giganteis
697 905 828 944 ornantur
843 895 919 960 pepla
934 897 1057 957 tropaeis,

432 981 546 1032 Horrida
559 983 705 1048 sanguineo
721 984 870 1050 pinguntur
885 985 984 1050 proelia
998 1001 1091 1049 cocco;

428 1072 543 1122 Additur
559 1083 649 1123 aurata
663 1073 782 1125 deiectus
798 1074 908 1140 cuspide
923 1075 1049 1142 Typhon,

430 1161 482 1220 Qui
498 1164 582 1226 prius,
599 1163 706 1214 Ossaeis
721 1174 895 1214 consternens
912 1165 1017 1214 aethera
1031 1163 1111 1222 saxis,

429 1248 552 1298 Emathio
570 1250 671 1300 celsum
685 1249 832 1315 duplicaret
844 1250 939 1300 vertice
954 1252 1111 1316 Olympum.

429 1338 494 1388 Tale
510 1339 573 1388 deae
588 1339 676 1389 velum
693 1339 817 1390 sollemni
834 1349 953 1405 tempore
968 1352 1086 1406 portant;

428 1427 487 1477 Tali
504 1439 529 1478 te
544 1429 649 1489 vellem,
662 1428 789 1479 iuvenum
805 1429 967 1492 doctissime,
983 1431 1037 1480 ritu

430 1519 583 1584 Purpureos
598 1519 667 1568 inter
680 1520 750 1569 soles
764 1529 789 1570 et
801 1520 912 1570 candida
924 1521 1002 1570 lunae

427 1609 528 1667 Sidera,
547 1609 675 1660 caeruleis
691 1610 785 1660 orbem
802 1610 935 1675 pulsantia
952 1609 1029 1675 bigis,

430 1698 543 1748 Naturae
559 1713 649 1748 rerum
665 1698 769 1763 magnis
783 1698 901 1748 intexere
914 1699 1014 1748 chartis
1030 1717 1035 1748 :

428 1790 575 1837 Aeternum
591 1787 702 1852 sophiae
716 1788 889 1838 coniunctum
904 1789 1022 1838 carmine
1039 1803 1137 1837 nomen

430 1876 527 1926 Nostra
544 1886 621 1925 tuum
635 1875 746 1926 senibus
758 1877 912 1942 loqueretur
927 1876 1022 1941 pagina
1038 1876 1141 1926 saeclis

428 1965 478 2016 Sed
494 1965 623 2031 quoniam
638 1966 670 2014 ad
685 1975 771 2015 tantas
788 1981 857 2015 nunc
875 1964 992 2030 primum
1008 1965 1145 2014 nascimur
1161 1975 1239 2020 artes,

427 2055 505 2104 Nunc
519 2052 638 2118 primurn
652 2064 757 2104 teneros
769 2052 908 2103 firmamus
925 2054 1020 2103 robore
1038 2069 1141 2112 nervos,

427 2143 497 2192 llaec
513 2153 600 2193 tamen
618 2142 726 2199 interea,
738 2157 806 2207 quae
823 2157 975 2206 possumus,
990 2142 1017 2191 in
1033 2143 1133 2208 quibus
1148 2141 1204 2192 aevi

426 2228 516 2279 Prima
530 2228 681 2280 rudimenta
698 2239 724 2279 et
739 2229 840 2295 primos
853 2229 988 2296 exegimus
1004 2246 1099 2291 annos,

424 2319 521 2385 Accipe
538 2320 608 2370 dona
623 2335 682 2371 meo
698 2321 812 2370 multum
827 2320 935 2386 vigilata
947 2321 1037 2371 labore

427 2407 632 2474 Promissaeque
645 2410 693 2459 diu
709 2411 761 2460 iam
778 2411 884 2461 tandem
899 2411 1007 2461 exordia
1021 2427 1133 2462 musae:

426 2497 509 2563 lmpia
522 2499 650 2564 prodigiis
665 2509 695 2549 ut
709 2501 846 2565 quondam
860 2500 983 2550 exterrita
999 2501 1098 2550 amoris

423 2586 510 2652 Scylla
523 2601 605 2636 novos
619 2587 708 2636 avium
725 2587 850 2638 sublimis
867 2590 895 2640 in
913 2605 971 2639 aere
984 2600 1076 2640 coetus

420 2676 519 2726 Viserit
534 2686 560 2727 et
574 2677 646 2727 tenui
659 2679 843 2728 conscendens
857 2680 964 2729 aethera
978 2696 1065 2746 penna

422 2767 558 2818 Caeruleis
573 2783 620 2819 sua
637 2778 704 2818 tecta
718 2785 798 2835 super
810 2769 959 2821 volitaverit
975 2771 1034 2828 alis,

421 2858 496 2907 Hanc
510 2874 558 2923 pro
572 2873 705 2924 purpureo
723 2875 837 2925 poenam
852 2861 978 2911 scelerata
993 2860 1097 2926 capillo,

421 2947 472 2996 Pro
490 2948 574 3013 patria
588 2949 694 2998 solvens
708 2949 794 2999 excisa
809 2949 930 3000 funditus
944 2950 1019 3000 urbe.

420 3037 579 3102 Complures
596 3038 670 3087 illam
685 3050 710 3088 et
728 3039 828 3105 magni,
842 3040 973 3098 Messalla,
991 3049 1082 3103 poetae

423 3127 498 3184 (Nam
515 3143 608 3177 verum
622 3128 752 3178 fateamur
768 3146 774 3177 :
791 3138 862 3178 amat
878 3111 1056 3194 Polyhymnia
1072 3131 1173 3188 verum)

420 3217 513 3281 Longe
526 3217 576 3266 alia
591 3216 731 3282 perhibent
747 3226 875 3265 mutatam
894 3217 1014 3265 membra
1030 3215 1113 3281 ligura

419 3306 572 3370 Scyllaeum
588 3314 708 3354 monstro
724 3319 817 3354 saxum
830 3303 952 3353 infestare
963 3305 1050 3353 voraci
1061 3320 1067 3366 ;

419 3394 494 3445 lllam
509 3410 568 3444 esse
581 3393 720 3444 aerumnis
734 3410 815 3460 quam
831 3408 908 3456 saepe
923 3394 1041 3458 legamus
1057 3392 1128 3443 Ulixi

419 3483 538 3534 Candida
551 3485 713 3534 succinctam
728 3483 888 3534 latrantibus
900 3483 1010 3547 inguina
1028 3483 1157 3532 monstris

423 3573 562 3624 Dulichias
577 3588 685 3625 vexasse
699 3584 769 3623 rates
782 3583 808 3623 et
823 3572 927 3638 gurgite
944 3572 970 3621 in
987 3573 1041 3622 alto

417 3663 570 3729 Deprensus
588 3673 682 3712 nautas
696 3664 807 3713 canibus
822 3664 949 3713 lacerasse
967 3661 1089 3712 marinis.

416 3753 466 3804 Sed
484 3768 571 3818 neque
584 3751 720 3810 Maeoniae
733 3752 869 3817 patiuntur
883 3752 988 3802 credere
1003 3751 1108 3801 chartae

417 3845 470 3894 Nec
487 3844 574 3892 malus
589 3843 701 3892 istorum
717 3841 809 3891 dubiis
824 3840 960 3890 erroribus
974 3851 1072 3889 auctor.

419 3935 527 3998 lamque
543 3931 610 3980 alias
626 3931 671 3980 alii
685 3931 765 3995 vulgo
777 3929 875 3979 finxere
891 3929 999 3993 puellaS,

416 4024 490 4083 Quae
505 4019 707 4088 Colophoniaco
723 4019 824 4084 Scyllae
839 4018 959 4068 dicantur
975 4018 1101 4070 llonrero.

416 4115 474 4178 lpse
489 4111 611 4161 Crataein
631 4111 667 4160 ait
681 4120 806 4171 mat1·em;
823 4109 868 4157 sed
886 4109 941 4156 sive
957 4107 1074 4156 Crataeis

413 4204 473 4252 Sive
486 4201 561 4250 illam
579 4209 731 4250 monstrum
745 4197 838 4263 genuit
854 4211 931 4261 grave
948 4195 1066 4244 Echidna
1081 4195 1214 4258 biformis,

413 4292 473 4342 Sive
486 4301 525 4341 est
539 4301 631 4341 neutra
647 4305 742 4354 parens
755 4299 835 4352 atque
847 4287 896 4335 hoc
913 4287 938 4334 in
951 4285 1069 4334 carmine
1085 4297 1169 4336 totum

414 4380 535 4444 inguinis
550 4390 588 4430 est
604 4380 699 4429 vitium
716 4390 740 4427 et
760 4375 869 4426 Veneris
884 4374 1014 4437 descripta
1033 4374 1124 4436 libido,

441 4740 1114 5039 nn
