3140 5072
528 525 575 572 na
602 523 767 574 canutus
794 525 889 574 crtus
1189 503 1235 574 65

181 649 275 716 tiare.
303 650 349 718 Ut
362 647 516 718 Catullus
531 651 697 741 pulvinar,
720 652 764 718 ita
787 651 959 719 Minervae
979 653 1131 742 peplum,
1147 653 1238 740 quod

182 765 320 834 minime
333 783 445 834 tamen
456 767 498 834 ad
512 789 582 834 tem
593 767 810 857 congruebat,
821 766 1003 858 descripsit.
1014 768 1062 837 Ut
1073 789 1150 836 cum
1167 767 1238 836 Eu-

181 903 282 972 ropes
301 903 379 949 casu
407 881 514 950 simile
543 883 718 970 quoddam
745 901 974 951 commentum
1009 883 1112 972 (quod
1134 907 1236 975 supra

181 999 457 1090 monstravimus)
471 1001 632 1069 Moschus
647 1001 875 1087 coniunxerat,
891 1001 936 1068 ita
949 1001 1002 1068 bic
1017 1023 1094 1069 cum
1107 998 1237 1092 Scyllae

181 1115 353 1183 amoribus
365 1116 576 1185 Britomartis
586 1138 717 1185 amores
730 1134 993 1206 componuntur.
1006 1117 1148 1186 Utinam
1160 1116 1237 1184 arti·

181 1229 293 1298 ficium
304 1231 385 1299 illud
401 1231 611 1322 ingeniosum
623 1231 760 1320 quidem
774 1254 841 1299 non
853 1232 957 1300 nimia
970 1231 1125 1299 scientiae
1137 1231 1236 1299 iacta·

178 1344 269 1414 tione
284 1364 553 1438 corrumperetur
575 1364 633 1415 aut
657 1347 760 1415 nimia
780 1347 1014 1434 concinnitate,
1040 1365 1076 1415 ut
1105 1344 1236 1438 Scyllae

179 1481 258 1528 cum
272 1462 399 1530 nutrice
414 1483 525 1530 sermo
540 1464 635 1551 quasi
651 1464 684 1531 in
703 1463 812 1552 plures
837 1463 965 1532 divisus
983 1463 1027 1531 sit
1051 1463 1235 1550 orationes,

180 1599 326 1666 quarum
362 1580 464 1648 altera
498 1580 638 1649 alteram
666 1602 826 1648 versuum
863 1602 1003 1649 numero
1032 1601 1176 1669 aequare
1203 1595 1236 1646 et

180 1710 347 1781 tanquam
360 1715 579 1784 compensare
597 1695 761 1763 videatur.

226 1806 288 1874 Illa
301 1824 379 1875 sunt
403 1808 501 1876 huius
521 1807 677 1877 carminis
694 1809 773 1878 vitia
786 1833 873 1899 quae
888 1811 931 1878 ad
950 1832 1001 1878 res
1016 1808 1235 1879 inveniendas

180 1924 473 2017 disponendasque
492 1947 660 2019 spectant;
682 1952 768 2019 quae
784 1930 828 1998 ad
849 1928 1027 2018 eloquendi
1048 1947 1079 1997 et
1102 1924 1235 1995 versifi-

179 2041 277 2110 candi
294 2041 471 2129 rationem,
488 2045 645 2133 pleraque
664 2067 766 2134 supra
791 2043 993 2112 notavimus.
1020 2042 1176 2133 Saepius,
1198 2059 1235 2109 ut

179 2157 337 2244 diximus,
354 2156 518 2249 legentem
539 2149 714 2226 offendunt
738 2187 753 2220 u
777 2159 923 2227 sermoni
945 2158 1103 2248 propiora
1127 2187 1143 2220 u
1165 2159 1189 2254 l,
1204 2175 1237 2227 et

179 2273 344 2365 imprimis
359 2277 539 2345 verborum
566 2277 713 2346 ambitus
735 2277 757 2345 ii
777 2277 874 2362 fiunt,
893 2294 930 2346 ut
949 2294 981 2344 et
1001 2277 1154 2346 versibus
1173 2299 1235 2344 no-

179 2407 275 2458 ceant
300 2408 332 2458 et
357 2391 436 2481 ipsis
454 2392 562 2460 obstet
581 2414 739 2461 versuum
760 2391 973 2482 compositi0,
993 2393 1119 2460 nedum
1139 2391 1236 2480 quasi

179 2526 344 2574 consensu
366 2524 397 2574 et
419 2525 538 2576 mutua
559 2531 623 2597 ope
643 2509 852 2577 adiuventur.
882 2511 1043 2577 Attamen
1066 2507 1236 2576 laudanda

179 2641 247 2688 non
262 2643 370 2710 pauca
386 2640 474 2692 sunt.
500 2621 600 2713 Opus
615 2623 719 2710 enim,
735 2624 890 2712 quamvis
905 2623 1022 2692 durius
1036 2624 1234 2712 plerumque

177 2751 210 2802 et
226 2736 375 2826 asperius
389 2738 444 2823 sit,
457 2737 558 2806 habet
572 2740 752 2806 sententias
774 2739 943 2806 interdum
964 2760 1053 2806 nunc
1079 2737 1234 2806 acumine

177 2871 268 2919 nunc
280 2853 390 2921 nervis
406 2853 616 2943 conspicuas,
632 2877 739 2944 neque
753 2873 893 2922 venusta
912 2854 1095 2942 aliquando
1111 2855 1144 2922 in
1160 2877 1233 2922 ver-

177 2969 230 3038 bis
243 2970 403 3061 eligendis
417 2971 733 3061 conlormandisque
748 2971 894 3039 novitate
908 2988 1011 3056 caret,
1024 2970 1057 3037 in
1071 2970 1234 3060 hocprae·

175 3083 291 3152 sertim
313 3085 639 3173 reprehendendum,
656 3087 747 3176 quod
774 3086 907 3177 saepius
934 3104 1050 3153 auctor
1077 3084 1147 3176 ipse
1171 3084 1236 3152 sibi

177 3199 287 3290 impar
299 3215 349 3267 est
365 3217 396 3268 et
411 3200 539 3290 optima
550 3225 701 3292 quaeque
714 3202 812 3270 rebus
832 3203 945 3270 minus
960 3201 1056 3269 bonis
1066 3200 1233 3290 inquinat.

176 3314 316 3383 Vividas
329 3316 428 3384 etiam
444 3319 605 3410 imagines
621 3320 803 3387 nonnullas
819 3319 927 3408 fingit,
942 3335 974 3386 et
989 3318 1183 3407 praesertim
1201 3317 1234 3384 in

176 3436 401 3524 exprimendis
412 3436 514 3504 animi
535 3435 681 3504 motibus
696 3436 878 3504 subtilitate
897 3435 1057 3525 singulari
1073 3452 1231 3524 praestat.

177 3549 347 3619 iucundas
374 3550 538 3641 excogitat
566 3551 847 3640 comparationes,
872 3550 964 3618 utin
991 3551 1151 3619 hocloco
1177 3550 1233 3617 ubi

175 3662 325 3757 Scyllam
340 3685 503 3736 monstrat
519 3668 651 3736 incertis
665 3667 823 3735 iactatam
838 3667 960 3754 ventis,

209 3989 231 4023 r.
248 3972 393 4037 Hertzberg
404 3971 518 4038 exempli
532 3972 616 4038 gratia
625 3986 719 4021 versus
730 3970 831 4020 notavit
847 3969 951 4036 89-90:

428 4087 543 4145 Quidquid
558 4095 580 4132 et
591 4095 615 4132 ut
627 4087 721 4145 quisque
733 4095 767 4132 est
777 4088 815 4132 tali
826 4087 853 4132 de
865 4087 927 4132 clade
941 4089 1040 4142 locutus,

426 4169 581 4226 Mnemosyne,
594 4168 670 4224 potius
680 4168 744 4212 liceat
754 4175 867 4212 notescere
880 4167 946 4212 Cirin
958 4184 963 4219 ;

172 4279 255 4330 aliurn
273 4293 323 4328 nos
345 4292 434 4343 supra,
451 4296 465 4326 <e
481 4293 536 4327 non
556 4277 681 4343 equidem
698 4277 823 4343 quamvis
842 4276 978 4326 interdum
1001 4276 1092 4326 ludere
1114 4275 1203 4325 nobis.
1224 4293 1237 4321 x

173 4370 241 4422 Vide
253 4385 280 4436 p.
301 4385 348 4434 4²·

1069 4479 1081 4528 5
