3140 5072
562 539 611 587 nr
638 539 805 590 carmus
831 537 926 588 cirus
1228 519 1273 592 53

209 671 284 760 pior
300 690 368 735 non
385 667 467 734 alter
489 665 644 733 Homero
659 667 667 701 ¹
684 690 717 752 n,
734 682 849 734 tamen
864 683 896 733 et
912 666 1023 755 elegos
1046 668 1275 756 composuisse

210 796 370 850 narratur
392 777 426 866 ²3
448 777 611 848 Ovidium
636 778 779 869 denique
799 778 858 868 qui
883 796 960 868 post
979 778 1108 848 Tibulli
1130 797 1275 850 mortem

210 900 244 968 in
258 897 500 967 Messallarum
519 895 704 964 amicitiam
719 914 755 964 se
775 914 946 986 receptum
962 919 1034 964 esse
1048 912 1190 966 testatur
1203 901 1228 966 ³.

257 1014 306 1082 Hi
321 1015 459 1104 quidem
477 1011 613 1081 fuerunt
626 1030 746 1102 poetae
765 1014 869 1082 nostri
888 1012 1020 1081 sodales
1034 1029 1066 1080 et
1080 1014 1193 1101 amici,
1216 1015 1275 1083 sed

209 1130 281 1222 ipse
310 1131 388 1220 quis
412 1128 518 1196 fuerit
538 1128 663 1197 frustra
695 1128 878 1219 quaeritur.
903 1127 1201 1218 Supervacaneum
1226 1147 1276 1198 est

210 1269 331 1316 eorum
351 1245 546 1335 opinionem
560 1244 707 1314 refellere
725 1245 783 1334 qui
797 1244 971 1314 Catullum
990 1245 1085 1313 illum
1100 1245 1200 1314 fuisse
1217 1264 1277 1315 aut

210 1363 400 1454 Vergilium
420 1361 666 1430 contenderunt
693 1386 701 1430 ε
730 1383 817 1452 quae
844 1383 950 1451 quam
977 1361 1062 1430 falsa
1088 1363 1143 1448 sit,
1169 1385 1208 1430 ex
1238 1362 1278 1430 iis

212 1500 300 1569 quae
323 1499 427 1567 supra
449 1475 680 1566 exposuimus,
700 1497 781 1544 sane
801 1475 1018 1544 manifestum
1044 1495 1104 1546 est.
1123 1477 1190 1548 Sed
1215 1479 1278 1548 ali·

212 1596 296 1687 quid
311 1595 493 1678 dicendum
506 1576 631 1663 'eorum
644 1593 685 1662 de
703 1592 862 1683 opinione
877 1593 996 1682 estqui
1011 1592 1104 1661 Cirin
1120 1595 1278 1664 Cornelio

212 1712 313 1784 Gallo
325 1711 513 1781 tribuerunt
531 1712 556 1777 ⁴.
572 1711 641 1799 Qui
655 1709 791 1800 quidem
804 1708 954 1778 iudicant
969 1732 1084 1778 versus
1100 1734 1277 1782 versuum·

211 1853 279 1920 que
291 1847 404 1920 partes
419 1846 535 1898 nostro
551 1846 583 1899 et
595 1829 746 1920 Vergilio
760 1850 959 1898 communes
973 1829 1063 1897 hunc
1076 1829 1120 1897 ab
1135 1829 1193 1898 illo
1205 1850 1278 1898 mu-

211 1963 347 2016 tuatum
362 1969 444 2016 esse.
459 1947 565 2037 Atqui
577 1947 847 2017 demonstratum
862 1962 911 2015 est
921 1948 955 2015 in
968 1946 1037 2016 Ciri
1052 1946 1276 2016 imitationem

213 2062 409 2154 planissime
423 2080 547 2153 patere.
566 2065 615 2134 Ut
626 2085 699 2133 rem
710 2063 812 2155 igitur
823 2062 908 2132 adeo
923 2062 1183 2153 improbabilem
1198 2063 1277 2132 reci·

212 2199 386 2270 peremus‚
401 2179 619 2269 gravissimae
633 2181 780 2248 rationes
794 2196 904 2248 essent
916 2179 1151 2270 producendae
1166 2204 1174 2248 :
1192 2202 1276 2270 quas

215 2299 369 2368 videmus
394 2295 503 2365 afferri
523 2297 645 2364 nullas.
675 2294 768 2385 Quid
796 2296 886 2364 enim
918 2315 1101 2364 commune
1126 2296 1213 2364 inter
1232 2295 1275 2366 C.

212 2413 305 2482 Galli
318 2428 409 2504 gesta
424 2428 455 2480 et
468 2434 557 2501 quae
572 2413 613 2480 de
628 2426 764 2480 auctore
777 2410 864 2479 Ciris
880 2433 920 2480 ex
932 2410 1006 2501 ipso
1018 2411 1197 2500 novimus?
1209 2412 1276 2482 Hic

212 2535 281 2604 iam
299 2547 454 2602 maturus
466 2527 564 2596 annis
577 2526 733 2595 valedixit
748 2525 857 2594 Musis
872 2544 909 2595 ut
922 2526 1172 2616 philosophiam
1187 2527 1276 2596 cole·

211 2666 278 2736 ret3
290 2648 358 2734 ille,
376 2667 467 2714 anno
483 2643 711 2713 DCLXXXV
725 2659 838 2731 natm,
850 2643 1038 2733 praefectus
1049 2643 1112 2711 fuit
1127 2644 1276 2736 Aegypti

212 2787 303 2834 anno
322 2760 552 2845 DCCXXIV3¹
573 2758 667 2828 Cirin
688 2781 768 2848 ergo
782 2776 858 2848 post
873 2759 964 2827 hunc
977 2780 1107 2826 annum
1123 2760 1276 2851 scripsis-

212 2896 274 2949 set.
291 2875 451 2948 Bucolica
462 2891 589 2962 autem,
602 2873 770 2964 inquibus
787 2895 865 2940 cum
876 2872 945 2942 Ciri
956 2894 1155 2944 communes
1167 2875 1274 2965 pluri-

172 2991 176 3001 *
211 3019 288 3065 mos
310 3017 426 3063 versus
457 2992 612 3084 legimus,
638 3008 716 3060 ante
747 3012 878 3060 annum
906 2990 1123 3061 DCCXVIII
1152 2993 1277 3084 scripta

211 3126 303 3179 sunt.
320 3109 402 3197 Quo
412 3124 511 3199 pacto
523 3123 696 3198 praeterea
710 3122 843 3174 tantum
859 3105 973 3174 eitum
987 3104 1103 3174 fuisset
1117 3108 1225 3178 otium
1240 3126 1277 3179 ut

210 3223 442 3316 philosophiae
463 3240 495 3291 et
514 3222 630 3291 litteris
655 3244 688 3290 se
708 3222 871 3309 traderet,
893 3243 972 3289 cum
992 3220 1046 3290 vix
1067 3244 1238 3313 regressus
1259 3247 1276 3293 e

210 3341 398 3433 provincia,
427 3356 604 3409 accusatus
623 3339 665 3406 sit
685 3339 882 3408 «furtorum
896 3355 928 3407 et
947 3341 1128 3430 populatae
1144 3340 1277 3428 provin·

211 3460 307 3529 ciae⁵
327 3486 342 3521 u
363 3474 395 3526 et
412 3456 523 3525 stricto
543 3455 732 3525 incubuerit
745 3457 833 3525 ferro
859 3478 950 3525 anno
973 3456 1221 3526 DCCXXVIII
1241 3459 1277 3527 ⁶?

245 3701 267 3734 1.
280 3683 353 3746 Tib„
366 3683 410 3747 lV,
426 3698 447 3740 r,
466 3697 526 3748 ¹79·

243 3789 268 3823 2.
279 3774 365 3830 Serv„
381 3771 419 3822 ad
430 3771 508 3828 Ecl„
525 3786 550 3834 7,
564 3784 609 3820 22.
620 3770 697 3834 Aen„
711 3770 756 3830 ΧΙ,
768 3769 831 3836 457.

246 3861 271 3912 3.
288 3862 350 3920 Ov.,
369 3861 427 3923 Tr.,
444 3860 487 3923 lV‚
506 3875 545 3918 ιο,
563 3859 605 3909 51.

241 3967 268 4014 4.
283 3949 403 4016 Vergilio
424 3947 499 3998 Cirin
510 3931 715 3998 vindicaverunt
725 3948 852 4014 Scaliger,
864 3948 990 3998 Barthius
1008 3948 1108 4012 (rootg
1123 3948 1159 3996 lo.
1179 3947 1278 3997 Schra-

210 4042 273 4102 der;
293 4038 400 4088 Catullo
413 4037 536 4102 Eglinus,
553 4037 631 4087 cuius
650 4037 791 4088 Vindiciae
810 4037 882 4087 Ciris
906 4037 1070 4088 Catullianae
1086 4035 1150 4086 'sunt
1161 4034 1254 4099 (1606)
1271 4069 1279 4103 t

210 4130 240 4181 C.
255 4128 332 4178 Gallo
351 4128 521 4177 Fontaninus
532 4127 559 4176 in
573 4127 702 4177 Historia
720 4127 856 4178 litteraria
861 4144 871 4190 ‚·
886 4127 905 4178 l.
922 4127 955 4178 H.
972 4127 1040 4176 Voss
1053 4126 1173 4190 (Altona,
1196 4142 1280 4191 1797-

214 4217 310 4280 1830);
323 4218 433 4282 Heyne3
449 4216 536 4282 Sillig.

243 4305 268 4355 5.
280 4307 370 4354 Amin.
388 4305 479 4360 Marc,
496 4304 579 4363 XVII,
597 4319 623 4367 4,
639 4303 663 4354 5.

242 4393 269 4447 6.
287 4395 368 4459 Dion,
383 4395 448 4452 [ΙΙΙ.
463 4393 509 4444 23.
