3134 5082
313 423 362 518 34
658 448 706 498 uu
732 446 898 498 canutus
924 449 1020 500 ernis

355 574 514 644 Ceterum
527 573 610 641 nihil
625 574 659 643 in
674 573 743 643 Ciri
758 576 843 643 inest
857 576 945 645 unde
961 577 1170 666 suspicemur
1187 600 1261 646 eam
1274 601 1370 648 com-

310 687 457 778 positam
492 710 563 755 esse
599 688 656 756 diu
693 707 769 778 post
804 707 976 757 mortuum
1009 691 1222 782 Vergilium·;
1259 695 1371 763 nullos

312 807 403 876 enim
414 830 486 875 esse
499 805 647 875 imitatus
660 807 804 894 videtur,
817 828 948 899 praeter
959 832 1029 896 eos,
1045 799 1087 877 de
1105 809 1227 898 quibus
1242 811 1370 880 dictum

312 941 375 1010 est,
396 923 457 992 nisi
471 922 610 992 forsitan
630 924 765 1016 Vergilii
785 928 956 1014 aequales,
971 948 1048 994 curn
1068 926 1133 994 hoc

468 1147 555 1198 Prima
571 1147 651 1198 decus
666 1163 734 1214 quae
746 1148 824 1200 dulce
840 1147 908 1198 mihi
921 1155 946 1198 te
965 1148 1049 1198 donat
1062 1148 1198 1198 alumnam

313 1343 447 1413 Horatii
474 1342 567 1412 Odes
586 1344 716 1434 primae
736 1344 835 1414 dulce
859 1346 962 1414 decus
984 1344 1017 1414 in
1045 1360 1193 1412 mentem
1214 1361 1366 1430 revocet,

310 1482 492 1549 rursusque
505 1460 570 1529 hoc
588 1461 708 1551 legenti
726 1485 734 1528 ε

459 1684 574 1736 Naturae
591 1701 680 1735 rerum
693 1686 799 1752 magnis
815 1661 938 1736 inlexere
952 1684 1063 1745 chartis,

306 1879 442 1949 obviam
463 1881 519 1950 fiat
532 1881 659 1950 Tibulli
674 1904 791 1951 versus
813 1906 820 1950 :

460 2106 514 2156 Nec
528 2116 571 2157 tua
586 2115 611 2156 te
626 2115 727 2172 praeter
742 2105 844 2157 chartis
860 2106 982 2156 intexere
996 2104 1141 2171 quisquam

460 2193 538 2242 Facta
554 2201 633 2258 queat
650 2202 667 2242 ¹.

351 2391 428 2460 Alia
456 2409 628 2481 praeterea
651 2390 737 2460 Ciris
771 2391 905 2460 initium
939 2390 1139 2480 initiumque
1165 2387 1363 2478 Panegyrici

242 2554 243 2557 =
306 2507 483 2576 Messallae
507 2506 631 2575 habent
645 2506 766 2575 similia
783 2519 813 2594 ²3
829 2526 861 2575 et
884 2507 1024 2575 forsitan
1040 2526 1183 2592 venena,
1199 2527 1218 2573 a
1235 2502 1363 2571 nutrice

305 2621 436 2714 Scyllae
460 2623 610 2710 decocta,
630 2645 671 2691 ex
690 2621 822 2692 officina
852 2624 1002 2713 quaesita
1031 2640 1110 2691 sunt
1135 2643 1249 2712 sagae,
1273 2640 1362 2709 quae

304 2739 453 2832 magicos
488 2757 607 2808 cantus
641 2739 817 2809 Tibullum
857 2741 982 2808 docuit.
1020 2741 1069 2810 Ut
1104 2739 1195 2808 enim
1228 2736 1361 2828 Scyllae

303 2854 426 2925 Carme
444 2882 451 2925 :

286 2955 288 2961 ¹
470 2971 522 3022 Ter
539 2971 567 3021 in
581 2971 715 3036 gremium
733 2986 850 3028 mecum,
865 2971 965 3038 inquit,
981 2972 1092 3036 despue,
1108 2970 1193 3036 virgo,

406 3081 408 3084 ·
471 3059 576 3126 Despue
593 3071 640 3122 ter,
656 3061 731 3126 virgo
740 3077 748 3124 ;
766 3075 881 3110 numero
900 3059 971 3109 Deus
982 3059 1083 3125 impare
1098 3059 1204 3126 gaudet,

298 3256 366 3317 eius,
380 3256 409 3308 E.
423 3257 540 3316 Benoist,
555 3257 650 3307 recenti
669 3256 783 3307 lectione
805 3256 974 3307 memoravit.
987 3256 1111 3306 Forsitan
1127 3265 1153 3306 et
1168 3255 1255 3306 conici
1273 3264 1361 3320 potest

300 3347 469 3412 Propertium
482 3350 557 3400 Cirin
568 3350 671 3414 legisse,
682 3366 713 3400 ex
725 3365 756 3400 eo
768 3351 850 3418 quod,
861 3365 923 3400 cum
937 3351 1076 3400 materiam
1092 3349 1210 3402 similem
1228 3357 1360 3408 tractaret,

301 3453 397 3504 nempe
411 3440 539 3504 Tarpeiae
560 3441 656 3498 scelus,
680 3439 846 3491 mentionem
870 3439 930 3490 lacit
951 3455 1004 3490 una
1028 3450 1054 3490 et
1068 3439 1166 3491 Catulli
1186 3438 1319 3490 Ariadnae
1334 3448 1361 3488 et

298 3528 407 3594 Scyllae,
418 3543 583 3595 quanquam,
602 3539 632 3579 ut
646 3529 788 3596 Vergilius,
804 3528 907 3579 fabulas
923 3528 955 3578 de
971 3529 1057 3594 Scylla
1069 3527 1135 3578 duas
1151 3527 1179 3576 in
1192 3542 1279 3577 unum
1292 3541 1361 3576 con-

297 3615 387 3666 fundit
398 3639 403 3667 :

426 3705 487 3762 Quid
501 3705 583 3750 mirum
597 3707 621 3750 iu
633 3705 719 3762 patrios
733 3705 832 3762 Scyllam
849 3704 950 3750 saevisse
963 3704 1057 3761 capillos

479 3784 625 3842 Candidaque
636 3785 659 3830 in
671 3799 751 3831 saevos
766 3785 860 3843 inguina
871 3798 937 3831 versa
948 3797 1023 3830 canes.

388 3920 393 3929 ¹
413 3920 418 3930 1
547 3920 551 3929 Ι
903 3865 990 3922 (Prop,
1005 3863 1033 3919 V,
1049 3876 1071 3919 4,
1087 3863 1134 3922 39.)

329 3933 350 3969 t.
365 3919 646 3987 C1r1s‚3q;T1b.,lV,
664 3935 687 3982 r,
705 3920 730 3970 5.

325 4051 349 4084 2.
453 4035 500 4096 Te,
519 4036 648 4093 Messalla,
663 4049 768 4097 canam,
782 4047 939 4099 quanquam
954 4048 996 4083 me
1011 4032 1119 4097 cognita
1131 4032 1216 4082 virtus

446 4125 538 4174 Terret
541 4159 875 4175 ...............................
893 4137 944 4204 neq
957 4136 1067 4172 munera
1081 4136 1160 4186 parva

449 4211 606 4276 Respuetis.

776 4296 1080 4363 (Paneg.Mcss.,1-8.)
