3140 5072
771 525 953 572 APPENDIX

453 642 560 707 Terque
575 660 678 695 novena
694 646 782 712 ligans
796 648 895 714 triplici
911 651 1017 700 diversa
1032 651 1123 700 colore

456 731 513 782 Fila
530 749 537 782 ε
554 734 645 783 ι111111
660 736 793 800 gremium
810 749 926 788 1111111111ο
942 739 1031 806 inquit
1045 740 1164 804 edespue,
1182 738 1265 804 virgo.

457 822 560 886 Despue
576 834 624 884 ter,
639 825 735 892 virgo:
750 843 863 879 numero
878 829 943 879 deus
958 830 1060 894 impare
1075 829 1192 894 gaudee.

457 909 520 960 lnde
532 911 586 960 lovi
601 928 699 978 magno
713 914 832 980 geminat
844 915 971 982 Stygialia
985 931 1066 973 sacra.

456 997 534 1047 Sacra
550 1014 597 1049 1111
612 1001 705 1052 Aeaeis
723 1003 822 1053 auibus
837 1019 884 1053 nec
899 1003 1005 1070 cognita
1018 1003 1111 1068 Grais;

456 1087 554 1152 Pergit.
566 1090 709 1156 Amyclaeo
724 1108 853 1158 spargens
869 1093 961 1143 altaria
978 1093 1071 1156 1111110,

454 1177 534 1243 Regis
552 1178 668 1232 Iolciacis
680 1182 802 1232 animum
817 1181 931 1249 defigere
943 1183 1023 1232 votis.

453 1269 553 1320 Verum
569 1270 614 1320 ubi
637 1271 710 1321 nulla
726 1281 815 1321 movet
828 1271 952 1321 stabilem
966 1270 1069 1320 fallacia
1085 1270 1193 1333 Nisum,

453 1359 506 1410 Nec
522 1371 635 1425 possunt
650 1361 777 1411 homiues
795 1375 842 1411 nec
858 1370 973 1426 possunt
988 1359 1094 1410 flectere
1108 1359 1162 1409 divi

457 1449 551 1507 (Tanta
566 1460 606 1500 est
621 1451 647 1499 in
666 1465 747 1516 parvo
762 1449 857 1500 fiducia
871 1450 944 1499 crine
956 1448 1089 1513 cavendi),

454 1540 558 1591 Rursus
572 1540 604 1590 ad
620 1541 755 1607 inceptum
772 1541 871 1591 sociam
886 1555 913 1590 se
930 1539 1051 1604 adiungit
1067 1539 1192 1588 alumnae

454 1631 676 1696 Purpureumque
686 1643 760 1696 parat
774 1646 868 1680 rursus
883 1629 991 1679 tondere
1005 1628 1141 1692 capillum,

452 1720 524 1770 Tum
541 1721 623 1786 longo
637 1719 711 1784 quod
725 1719 778 1769 iam
792 1727 878 1783 captat
893 1731 1045 1767 succurrere
1062 1716 1158 1777 amori,

452 1807 512 1858 Non
526 1807 618 1858 minus
632 1807 677 1856 illa
690 1816 780 1857 tamen
796 1806 885 1856 revehi
901 1807 973 1871 quod
987 1805 1093 1856 moenia
1108 1805 1203 1856 Cressa

450 1896 570 1946 Gaudeat
589 1906 634 1946 :et
649 1895 732 1945 cineri
750 1895 835 1960 patria
851 1905 892 1946 est
905 1894 1021 1945 iucunda
1039 1893 1154 1959 sepulto.

482 1985 553 2052 Ergo
566 1986 662 2036 iterum
676 1983 755 2049 capiti
770 1985 856 2050 Scylla
873 1994 912 2034 est
928 1984 1039 2034 inimica
1056 1993 1179 2049 paterno.

448 2074 520 2123 Tum
535 2088 611 2125 coma
622 2072 734 2123 Sidonio
749 2071 849 2122 florens
862 2071 996 2122 deciditur
1009 2082 1090 2127 ostro.

449 2162 521 2212 Tum
536 2161 641 2226 capitur
656 2163 762 2227 Megara
776 2171 802 2211 et
813 2161 906 2211 divum
924 2177 1053 2226 responsa
1068 2163 1224 2226 probantur,

449 2251 520 2301 Tum
536 2266 668 2317 suspensa
684 2266 754 2302 novo
766 2251 820 2300 ritu
834 2251 866 2301 de
881 2251 995 2301 navibus
1010 2251 1071 2302 aitis

449 2340 498 2389 Per
512 2355 584 2390 mare
596 2341 747 2391 caeruleum
763 2339 879 2389 trahitur
897 2339 988 2391 Niseia
1000 2340 1084 2406 virgo.

450 2429 611 2494 Complures
625 2429 699 2479 illam
713 2429 848 2498 nymphae
861 2428 996 2480 mirantur
1006 2430 1034 2479 iu
1046 2430 1137 2488 undis,

447 2519 561 2569 Miratur
571 2529 644 2584 pater
657 2497 780 2569 Oceairus
792 2527 818 2568 et
832 2517 944 2568 candida
956 2519 1060 2585 Tethys

445 2609 482 2659 Et
495 2607 604 2673 cupidas
615 2624 707 2659 secum
724 2607 832 2673 rapiens
847 2608 955 2658 Galatea
967 2623 1083 2667 sorores,

447 2698 522 2748 lllam
540 2698 629 2759 etiam,
644 2699 744 2749 iunctis
759 2715 888 2766 magnum
904 2714 972 2766 quae
987 2698 1107 2765 piscibus
1122 2713 1225 2764 aequor

447 2787 479 2837 Et
494 2787 587 2852 glauco
602 2788 729 2854 bipedum
745 2803 824 2838 curru
841 2788 950 2838 metitur
964 2803 1108 2854 equorum,

446 2876 597 2927 Leucothea
611 2891 763 2943 parvusque
777 2878 824 2928 dea
834 2894 896 2928 cum
911 2887 996 2928 matre
1013 2878 1166 2939 Palaemon,

445 2966 520 3016 illam
536 2965 628 3028 etiam,
639 2968 753 3018 alternas
768 2966 856 3017 sortiti
872 2967 961 3017 vivere
977 2968 1059 3028 luces,

445 3055 511 3106 Cara
526 3055 596 3107 lovis
610 3056 726 3119 suboles,
743 3071 872 3122 magnum
887 3055 957 3106 lovis
972 3056 1177 3114 incrementum.

445 3143 614 3210 Tyndaridae
627 3143 721 3194 niveos
733 3144 866 3208 mirantur
877 3143 991 3209 virginis
1006 3154 1088 3196 artus.

445 3234 498 3283 Has
509 3232 575 3283 adeo
589 3248 667 3284 voces
678 3244 758 3300 atque
775 3233 839 3284 haec
857 3234 971 3285 lamenta
985 3249 1033 3299 per
1048 3249 1126 3286 auras

443 3322 583 3372 Fluctibus
597 3323 624 3372 in
641 3323 737 3406 mediis
750 3333 846 3388 questu
864 3324 987 3375 volvebat
997 3325 1088 3385 inani,

443 3411 484 3462 Ad
499 3412 601 3462 caelum
616 3411 708 3462 infelix
720 3412 838 3462 ardentia
855 3413 959 3463 lumina
975 3414 1098 3475 tendens,

442 3501 557 3551 Lumina
573 3520 578 3551 :
596 3517 658 3550 nam
674 3510 778 3552 teneras
791 3502 914 3552 arcebant
929 3502 1035 3554 vincula
1050 3504 1153 3568 palmas
1170 3521 1176 3554 :

441 3609 455 3638 «
469 3589 635 3656 Supprimite
649 3606 665 3640 0
681 3591 791 3654 paulum
809 3591 907 3641 turbati
922 3590 1032 3642 flamina
1045 3593 1130 3654 venti,

441 3679 511 3727 Dum
528 3692 627 3741 queror
641 3686 666 3727 et
680 3677 755 3728 divos
766 3680 932 3744 (quanquam
949 3679 986 3728 nil
1002 3679 1116 3730 testibus
1130 3681 1184 3731 illis

440 3766 551 3831 Profeci)
565 3777 682 3818 extrema
698 3768 816 3818 moriens
832 3779 920 3818 tamen
937 3769 1068 3835 adloquor
1082 3771 1158 3822 hora.

438 3861 494 3910 Vos
508 3875 566 3925 ego,
581 3875 629 3911 vos
641 3861 715 3919 adeo,
731 3861 815 3918 venti,
831 3862 948 3911 testabor
962 3871 988 3911 et
1003 3876 1092 3926 aurae,

437 3949 501 4013 Vos,
520 3944 665 4000 Pandionia
680 3950 702 4000 si
719 3951 766 4016 qui
781 3951 905 4017 degente
920 3951 1029 4010 venitis,

438 4037 556 4089 Cernitis
571 4056 577 4089 ε
597 4039 642 4090 1111
656 4055 705 4105 ego
721 4055 782 4090 sum
796 4050 909 4106 cognato
924 4041 1057 4108 sanguine
1074 4042 1148 4092 vobis

436 4128 523 4194 Scylla
540 4128 621 4195 (quod
639 4144 655 4179 o
669 4129 742 4180 salva
752 4129 830 4180 liceat
841 4140 866 4180 te
880 4131 968 4181 dicere
985 4131 1109 4193 Procne);

437 4217 484 4268 illa
495 4233 544 4282 ego
560 4233 620 4268 sum
637 4217 694 4269 Nisi
710 4219 837 4283 pollentis
851 4218 904 4270 filia
921 4220 1070 4286 quondam.

436 4307 564 4357 Certatim
579 4323 611 4357 ex
625 4307 700 4357 omni
715 4308 791 4373 petiit
807 4323 889 4374 quam
908 4308 1017 4360 Graecia
1034 4325 1128 4376 regno,

436 4395 494 4455 Qun
507 4410 604 4445 curvus
620 4406 703 4446 terras
722 4396 891 4460 amplectitur
904 4397 1110 4462 Hellespontus;
