3140 5072
302 487 353 563 70
652 487 699 534 oe
725 485 891 536 cannrnn
917 482 1013 534 enus

301 613 508 697 multitudo,
525 610 748 702 quamobrem
766 613 800 681 id
819 611 965 680 evenerit
978 609 1147 678 neminem
1160 610 1239 678 latet
1255 635 1262 679 :
1281 633 1362 679 cum

296 731 456 800 cultiores
481 715 763 818 humanioresque
787 729 863 798 facti
890 746 970 796 sunt
1002 727 1162 813 Romani,
1191 728 1362 816 poematia

296 868 384 937 quae
402 845 556 914 Catullus
580 843 703 932 aliique
729 844 942 929 induxerant,
958 842 1097 932 quilibet
1120 866 1210 910 unus
1225 860 1362 934 propter

299 963 408 1053 ipsam
433 959 648 1050 exiguitatem
673 959 767 1028 facile
793 983 826 1028 se
845 959 1035 1028 confidebat
1063 958 1295 1048 imitaturum3
1325 963 1360 1031 in

300 1078 422 1146 scholis
436 1092 608 1167 praeterea
630 1097 696 1141 non
714 1077 817 1143 modo
838 1075 1115 1166 praelegebantur
1135 1097 1238 1164 opera
1252 1101 1361 1146 novo-

300 1216 376 1263 rum
389 1210 580 1283 poetarum,
593 1189 688 1258 cuius
697 1192 800 1259 moris
813 1209 927 1261 auctor
937 1191 1038 1259 luisse
1051 1208 1207 1258 narratur
1218 1191 1263 1280 Q.
1277 1190 1362 1260 Cae-

301 1309 396 1378 cilius
415 1307 555 1397 Epirota
571 1315 579 1349 ¹
594 1328 600 1388 ;
618 1307 676 1374 sed
697 1308 845 1397 profecto
860 1307 923 1398 ipsi
947 1304 1187 1376 exercebantur
1204 1306 1362 1396 discipuli

300 1427 334 1494 in
348 1423 511 1514 fingendis
533 1423 698 1509 versibus,
715 1444 751 1492 ut
769 1447 837 1492 non
857 1424 955 1514 pauci
974 1438 1103 1513 postea,
1122 1422 1205 1490 dum
1226 1423 1362 1491 schola-

299 1563 377 1610 rum
390 1539 640 1608 exercitationes
662 1541 883 1625 renovabant,
905 1561 981 1608 vere
996 1561 1030 1606 se
1053 1556 1169 1628 poetas
1184 1561 1255 1634 esse
1274 1538 1362 1607 exis-

299 1658 469 1743 timarent,
495 1675 622 1743 suaque
649 1655 798 1722 carmina
818 1677 876 1722 seu
894 1652 1142 1722 recitationibus
1162 1652 1230 1719 sive
1254 1675 1360 1742 opera

301 1771 513 1840 librariorum
533 1769 719 1858 vulgarent.
743 1768 871 1836 Eodem
889 1769 978 1835 enim
994 1785 1145 1857 tempore
1164 1785 1295 1835 constat
1309 1767 1360 1834 vi-

299 1909 375 1978 gere
389 1886 536 1974 coepisse
551 1885 715 1952 librorum
731 1884 983 1970 commercium,
998 1901 1029 1951 et
1045 1882 1190 1951 maxime
1209 1883 1363 1952 floruisse

301 2002 508 2072 recitationes
523 2001 610 2085 illas,
627 1999 749 2086 quibus
764 1999 876 2066 nullus
894 1999 1002 2066 acrior
1016 1999 1077 2067 luit
1091 2020 1206 2080 versus
1221 2021 1363 2088 compo-

301 2118 400 2187 nendi
433 2118 598 2185 stimulus.
633 2115 772 2183 Accedit
800 2116 892 2204 quod
915 2138 1076 2205 oppressa
1105 2142 1184 2188 cum
1210 2119 1363 2188 libertate

301 2231 492 2320 eloquentia
532 2229 796 2298 humanissimus
827 2230 969 2319 quisque
1002 2232 1188 2302 litterarum
1223 2236 1363 2324 generi,

299 2349 392 2436 quod
406 2347 569 2414 tutissime
582 2347 756 2430 coleretur,
772 2369 807 2413 se
822 2346 977 2414 libentius
996 2348 1161 2419 dedebat:
1180 2373 1267 2439 quae
1290 2367 1362 2418 stu-

300 2463 356 2531 dia
379 2485 445 2529 non
470 2484 592 2552 parurn
607 2461 895 2530 confirmabantur
912 2461 1102 2553 principum
1117 2487 1364 2555 procerumque

301 2601 369 2645 non
396 2577 498 2646 modo
524 2576 651 2659 favore,
681 2575 739 2642 sed
767 2575 869 2641 etiarn
889 2577 1043 2666 exemplo
1067 2595 1098 2645 et
1121 2580 1360 2650 aemulatione.

303 2695 398 2784 Quid
418 2694 542 2761 mirum
558 2693 657 2784 igitur
673 2692 698 2758 si
719 2691 762 2759 ad
778 2714 839 2758 nos
858 2709 928 2759 tam
945 2696 1051 2761 multa
1064 2717 1287 2784 pervenerunt
1297 2723 1362 2768 no-

303 2808 539 2894 minaeorum,
554 2830 697 2898 quorum
714 2807 812 2875 turba
834 2807 1031 2876 densissima
1054 2809 1227 2881 Catullum
1243 2814 1362 2905 Vergi-

306 2924 431 2992 liumve
451 2925 651 3010 sectabatur,
670 2923 857 3009 sitantum,
880 2941 916 2992 ut
934 2925 980 2992 ait
1001 2925 1144 3012 Plinius,
1160 2950 1363 3018 proventum

305 3057 481 3129 poetarum
492 3039 631 3128 quisque
647 3061 755 3106 annus
775 3039 961 3106 afferebat?

353 3155 471 3243 ltaque
490 3154 584 3222 facile
600 3155 798 3246 intellegitur
812 3155 985 3243 quomodo
1000 3155 1085 3224 falso
1106 3156 1237 3246 magnis
1255 3156 1363 3246 poetis

306 3271 449 3364 adscribi
464 3272 632 3360 potuerint
648 3270 811 3356 carmina,
828 3292 904 3338 cum
920 3289 1072 3340 auctores
1091 3272 1152 3362 ipsi
1169 3272 1362 3341 nominibus

305 3387 488 3476 praeclaris
516 3409 577 3453 sua
606 3409 708 3477 opera
731 3404 790 3454 aut
820 3409 878 3476 per
907 3387 1127 3455 ambitionem
1154 3405 1211 3456 aut
1233 3410 1292 3477 per
1310 3389 1361 3456 io·

218 3581 220 3586 ,
306 3525 384 3569 cum
418 3502 600 3590 quemdam
634 3503 921 3590 commendarent,
947 3504 1147 3594 bibliopolae
1180 3505 1304 3594 pariter
1328 3504 1363 3571 li-

306 3618 386 3702 bris,
418 3641 503 3707 quos
530 3619 665 3685 venales
694 3617 878 3704 habebant,
908 3619 1048 3708 pretium
1075 3620 1246 3689 adderent.
1279 3621 1362 3688 Inde

305 3735 413 3802 evenit
429 3735 547 3802 utiam
572 3757 591 3801 a
617 3732 763 3802 Neronis
782 3751 930 3822 tempore
951 3735 1078 3823 optimo
1095 3736 1214 3825 cuique
1236 3736 1361 3804 tribue-

305 3868 418 3918 rentur
445 3851 573 3935 aliena3
595 3850 640 3917 sic
664 3848 798 3916 Horatii
823 3849 980 3937 operibus
1001 3848 1192 3918 intermixta
1213 3867 1292 3917 sunt
1311 3851 1361 3918 vel

304 3967 453 4036 carmina
467 3968 519 4035 vel
536 3967 727 4036 carminum
740 3982 863 4054 parteS,
879 3966 920 4033 de
934 3965 1055 4055 quibus
1072 3985 1184 4034 nostra
1198 3967 1362 4033 memoria

340 4249 362 4282 1.
384 4235 467 4293 Suet,
491 4231 596 4286 Grant..
617 4231 655 4281 tti.
677 4231 717 4280 Cf.
739 4231 814 4285 Hor..
837 4232 867 4280 S.
890 4231 907 4288 l,
938 4247 976 4288 ro,
997 4231 1098 4293 80*⁸4;
1121 4231 1202 4286 Pers,
1219 4231 1249 4280 S.
1272 4231 1290 4289 l,
1309 4244 1358 4296 ²93
1399 4301 1403 4309 ¹

305 4325 380 4384 Stat,
403 4320 650 4383 Tneb.,x11,810;
668 4321 754 4381 Mart,
772 4321 790 4381 l,
809 4319 850 4368 35.

421 4628 1091 5030 ms
