3134 5082
552 484 600 533 uu
627 480 794 532 caunum
819 480 913 532 cuns
1213 460 1258 534 35

204 614 249 683 ita
264 632 399 703 quoque
414 606 526 677 Deliae
545 623 636 676 vates
657 631 665 675 ε

372 807 425 857 Ter
438 822 511 869 cane,
524 816 564 856 tcr
577 806 654 857 dictis
666 805 766 872 despue
782 806 947 856 carminibus
962 817 981 858 ¹.

250 977 356 1046 Haud
375 978 476 1046 dubie
491 978 591 1068 igitur
608 1001 647 1046 ex
663 977 821 1047 omnibus
840 1001 928 1068 quae
946 1001 1051 1070 supra
1070 979 1160 1047 dicta
1183 995 1263 1046 sunt

202 1092 356 1188 colligere
373 1093 447 1163 licet
456 1115 591 1162 carmen
603 1092 691 1163 Ciris
700 1112 776 1185 post
785 1092 909 1162 Catulli
920 1111 952 1162 et
964 1093 1101 1184 Vergilii
1117 1109 1262 1162 aetatem

203 1208 367 1298 scriptum
403 1231 475 1277 esse
508 1225 562 1295 et,
591 1231 757 1301 perquam
789 1207 1010 1296 credibiliter,
1043 1209 1120 1277 vivo
1151 1208 1263 1276 adhuc

203 1329 372 1415 Augusto,
389 1323 494 1392 immo
505 1341 582 1392 ante
594 1346 698 1413 quam
710 1322 1006 1392 floreretOvidius.
1029 1323 1128 1413 Quae
1148 1321 1262 1413 opinio

203 1440 402 1509 confirmata
421 1438 495 1525 erit,
512 1459 591 1506 curn
612 1460 652 1506 ea
670 1437 860 1527 diligentius
875 1438 1013 1506 scrutati
1033 1439 1157 1507 erimus
1175 1460 1262 1527 quae

204 1557 248 1624 ad
266 1554 418 1646 linguam
434 1572 466 1623 et
483 1554 525 1623 ad
544 1577 617 1623 rem
634 1555 810 1623 metricam
826 1553 932 1622 nostri
949 1555 1129 1645 pertinent.
1152 1555 1263 1624 Nobis

204 1689 318 1740 tamen
331 1670 372 1738 de
384 1669 448 1738 hoc
461 1669 706 1759 inquirentibus
720 1670 815 1738 valde
827 1670 1087 1740 desiderandum
1101 1687 1163 1757 est,
1172 1671 1264 1760 quod

202 1808 290 1877 opus
316 1783 398 1854 illud
420 1785 505 1852 adeo
531 1801 683 1873 tempore
708 1804 906 1875 corruptum
926 1785 971 1854 ad
1000 1809 1062 1854 nos
1091 1785 1261 1876 pervenit3

204 1901 348 1970 nimium
370 1901 461 1970 enim
485 1899 560 1970 libri
574 1900 762 1990 corrigendi
789 1900 925 1971 luerunt
944 1903 1157 1991 coniecturis,
1178 1903 1264 1974 inter

204 2039 291 2107 quas
310 2017 434 2108 deligat
457 2015 600 2106 quisque
630 2038 764 2085 necesse
781 2033 830 2085 est
851 2039 935 2106 quas
957 2021 1106 2108 optimas
1126 2019 1260 2088 iudicet.

207 2135 318 2205 Nobi‘s
337 2158 416 2204 vero
431 2151 585 2203 auctores
599 2150 698 2202 erunt
714 2133 897 2202 doctissimi
916 2133 977 2202 viri
994 2132 1104 2224 Sillig,
1126 2135 1260 2226 Haupt,

207 2252 392 2342 Ladewig,
428 2249 474 2319 O.
508 2248 685 2334 Ribbeck,
718 2251 760 2317 E.
792 2248 955 2335 Benoist,
988 2250 1180 2340 Forbiger,
1213 2253 1258 2318 A.

206 2369 416 2438 Baehrensr.
1124 2381 1127 2387 ·

241 2608 264 2644 1.
277 2591 355 2657 Citis,
373 2589 440 2656 372;
456 2588 528 2646 Tib„
541 2589 562 2648 l,
574 2603 599 2650 2,
609 2587 651 2652 54.

235 2698 261 2734 2.
277 2681 410 2742 Quoniam
424 2680 443 2730 ii
454 2689 518 2730 sunt
529 2693 607 2728 manu
620 2676 710 2743 scripti
725 2677 787 2727 libri
798 2687 827 2728 ut
839 2687 908 2728 certe
921 2678 1024 2730 restitui
1038 2691 1172 2744 nequeant
1185 2680 1263 2732 multi

200 2786 306 2834 uersus,
319 2770 465 2826 editorum,
483 2768 568 2818 immo
589 2767 718 2816 lectorum
740 2767 838 2834 cuique
856 2767 918 2818 licet
938 2783 1006 2835 quae
1020 2768 1054 2817 ab
1069 2768 1131 2818 aliis
1146 2769 1266 2820 coniecta

204 2870 268 2911 sunt
277 2867 400 2910 excutere
413 2867 440 2908 et
449 2865 627 2918 commutare3
638 2855 674 2905 ita
684 2855 832 2906 novissime
842 2855 974 2906 Aemilius
984 2856 1121 2906 Baehrens
1135 2857 1267 2921 plurimos

203 2951 278 3000 locos
286 2958 312 2998 et
322 2947 380 3012 ipse
391 2956 502 2996 conatus
511 2955 551 2995 est
564 2945 715 3008 emendare,
728 2945 874 2994 nonnullos
884 2944 994 3011 quidem
1009 2956 1087 3002 recte.
1100 2954 1191 2996 nostra
1203 2960 1266 2996 sen-

204 3036 296 3100 tentia,
311 3035 357 3085 sed
371 3035 513 3100 plerosque
527 3033 655 3084 audacius
668 3049 749 3100 quam
768 3032 881 3084 felicius.
895 3033 985 3084 Unum
997 3034 1111 3099 exempli
1127 3035 1211 3100 gratia
1225 3035 1266 3086 af-

204 3127 331 3189 feremus,
349 3137 431 3191 quem
452 3134 541 3173 tamen
560 3140 574 3171 a
597 3123 731 3188 plausoris
745 3123 874 3174 omnibus
890 3141 904 3171 n
921 3138 949 3173 se
969 3124 1119 3175 correxisse
1139 3124 1263 3189 confidit;

204 3214 306 3266 scilicet
317 3227 426 3263 versum
441 3227 490 3279 149
506 3230 512 3261 :

445 3328 502 3372 Cum
516 3329 578 3383 lapsa
591 3340 603 3372 e
615 3327 720 3372 manibus
732 3327 789 3385 fugit
802 3331 856 3384 pila,

204 3410 242 3460 ita
257 3409 366 3475 scripsit
382 3426 389 3458 ι

444 3497 502 3542 Cum
517 3510 557 3543 vas
571 3497 631 3552 (scil.
645 3497 797 3554 sacerdotisle
810 3497 915 3543 manibus
929 3498 985 3544 ludit
999 3499 1052 3555 pila.

207 3603 264 3656 Nos
281 3615 370 3655 autem
385 3618 502 3662 carmen,
517 3605 596 3670 quale
616 3605 757 3670 legendum
773 3604 943 3670 potissimum
966 3605 1045 3655 nobis
1064 3605 1168 3657 videtur
1189 3622 1258 3664 esse,

206 3705 293 3745 totum
306 3693 369 3744 huic
379 3695 509 3759 opusculo
520 3693 693 3746 subiecimus.
