3140 5072
211 1409 318 1501 Quali
319 1408 441 1500 suerit
464 1406 604 1496 ingenio
622 1418 653 1476 et
672 1431 769 1500 quem
788 1407 897 1479 locum
916 1421 1040 1480 auctor
1060 1411 1157 1482 Ciris
1178 1411 1269 1481 inter

505 1541 629 1620 poetas
656 1529 783 1602 latinos
801 1534 963 1604 obtineat.

253 1973 367 2041 Huius
381 1971 540 2041 carminis
563 1973 589 2040 si
605 1972 680 2062 quis
703 1993 941 2063 argumentum
959 1977 1071 2066 ipsum
1087 1999 1268 2067 rerumque

202 2088 432 2160 inventionem
454 2111 493 2157 ac
512 2088 766 2179 dispositionem
785 2106 817 2158 et
835 2091 1012 2180 eloquendi
1036 2115 1142 2185 genus
1162 2094 1269 2163 consi·

203 2205 348 2292 derabit,
368 2204 543 2296 temporis,
567 2227 637 2294 quo
661 2205 742 2272 vixit
768 2224 898 2292 auctor,
927 2223 959 2275 et
981 2206 1174 2294 hominurn,
1198 2211 1269 2299 qui-

204 2323 348 2390 buscum
361 2321 552 2390 studiorum
576 2321 732 2390 societate
751 2320 947 2390 coniunctus
961 2339 1022 2410 est,
1040 2325 1137 2413 quasi
1152 2349 1266 2396 veram

204 2437 388 2528 imaginem
407 2436 600 2506 intuebitur.
629 2437 716 2506 Ciris
744 2437 835 2506 enim
858 2439 929 2506 eius
947 2439 1077 2531 generis
1099 2458 1162 2529 est,
1177 2421 1288 2532 quod¹

202 2572 277 2622 tum
300 2551 449 2622 manime
473 2553 606 2621 Romae
620 2552 773 2643 vigebat3
798 2575 947 2643 namque
969 2572 1127 2644 poemata
1144 2558 1267 2646 quibus

201 2668 421 2740 Alexandrini
439 2686 557 2759 poetae
574 2669 672 2738 simul
697 2669 872 2738 scientiam
894 2670 1112 2761 pristinarum
1137 2671 1267 2740 fabula·

201 2808 278 2855 rum
297 2801 329 2854 et
344 2807 444 2854 suam
459 2807 576 2853 versus
597 2784 740 2854 faciendi
758 2784 977 2856 subtilitatem
999 2804 1264 2873 ostentaverunt‚

202 2903 404 3001 iampridem
427 2902 461 2971 in
492 2902 624 2973 Urbem
656 2904 818 2972 translata
852 2922 947 2974 erant
976 2907 1118 2975 :Varro
1149 2906 1264 2973 Ataci-

205 3041 270 3086 nus
302 3045 317 3082 α
347 3018 510 3109 interpres
542 3016 653 3106 operis
688 3017 828 3086 alieni»
860 3019 1088 3110 Argonautica
1122 3019 1264 3101 fecerat,

207 3135 350 3204 Helvius
373 3135 484 3204 Cinna
512 3133 658 3225 epyllion
681 3132 862 3226 Smyrnae,
889 3135 1038 3204 Licinius
1062 3134 1188 3204 Calvus
1213 3135 1265 3222 Io,

204 3250 356 3320 Catullus
370 3251 441 3341 ipse
455 3273 591 3320 carmen
605 3250 647 3318 de
665 3248 766 3318 Peleo
782 3268 815 3320 et
835 3250 992 3320 Thetide.
1019 3249 1115 3341 Epici
1134 3268 1265 3340 poetae,

205 3366 263 3456 qui
288 3366 514 3436 Alexandriae
541 3365 637 3434 tertio
662 3383 695 3435 et
717 3365 864 3460 secundo
892 3384 970 3436 ante
991 3366 1165 3438 Christum
1193 3392 1266 3437 sae-

204 3483 281 3551 culo
294 3483 493 3569 floruerunt,
507 3481 658 3552 doctrina
678 3499 710 3551 et
725 3501 795 3552 arte
808 3482 954 3553 maxime
970 3507 1032 3552 sua
1053 3506 1156 3575 opera
1172 3506 1266 3553 com·

204 3599 366 3668 mendare
389 3598 500 3667 conati
527 3617 644 3686 erant3
671 3616 707 3667 ut
731 3599 863 3668 fabulas
890 3599 1001 3667 minus
1024 3615 1120 3668 notas
1144 3619 1177 3669 et
1204 3599 1266 3668 ab·

204 3714 380 3784 strusiores
402 3714 616 3804 requirebant
635 3716 676 3784 de
694 3717 794 3807 gestis
815 3718 957 3786 deorum
976 3733 1007 3784 et
1027 3717 1184 3803 heroum,
1206 3717 1265 3801 ita,

202 3830 481 3922 philosophorum
500 3849 533 3900 et
546 3832 751 3924 tragicorum
765 3834 882 3921 instar,
900 3833 1054 3903 subtilius
1074 3827 1267 3901 aniinorum

203 3945 344 4036 allectus
358 3946 544 4016 describere
563 3948 734 4036 solebant3
758 3968 930 4041 praeterea
947 3953 1096 4022 versibus
1111 3953 1158 4021 uti
1181 3953 1266 4043 poli·

202 4061 372 4149 rioribus,
393 4083 425 4132 et
438 4062 602 4132 iratorum
621 4081 679 4134 aut
702 4065 890 4135 dolentium
906 4067 1009 4136 verba
1032 4069 1176 4135 inserere
1194 4067 1265 4136 sac-

202 4193 316 4248 torum
331 4178 528 4267 narrationi,
544 4178 589 4247 ita
603 4197 639 4247 ut
652 4179 686 4247 in
703 4203 807 4249 unum
836 4204 917 4272 epos
939 4199 971 4251 et
983 4181 1088 4274 elegia
1101 4200 1267 4273 tanquam

203 4293 363 4362 confundi
386 4293 587 4362 viderentur.
615 4294 695 4361 lllos
720 4293 840 4363 imitati
862 4295 955 4363 latini
976 4295 1154 4386 scriptores
1176 4318 1266 4366 nunc
