3134 5082
565 517 613 564 on
639 514 805 566 exarnus
831 513 928 564 crtus
1228 496 1273 592 37

214 648 363 746 plurima
384 658 462 711 sunt
477 641 569 730 apud
586 638 771 725 Catullum,
796 638 953 731 reperias.
982 641 1064 709 Non
1080 640 1189 709 multo
1209 640 1276 708 frc-

214 762 409 856 quentiores
424 771 503 824 sunt
521 775 629 823 novae
644 754 825 822 verborum
840 753 987 842 species3
1003 753 1167 844 quidquid
1186 755 1276 823 enim

146 863 149 870 ¹
216 871 505 968 aVergiliidiffert
516 868 831 938 orationeautillius
843 869 1003 960 temporis
1015 886 1094 939 nota
1107 869 1276 961 signatum

215 1014 266 1068 est
277 1011 336 1065 aut
350 987 564 1080 superiorum
578 1007 639 1052 usu
651 986 903 1054 confirmatum.
923 987 974 1054 lta
990 984 1131 1055 verbum
1148 1015 1164 1048 ι
1182 1008 1277 1055 man·

216 1128 370 1182 suescere
390 1132 407 1168 x
434 1103 504 1171 iarn
529 1099 699 1168 transitive
724 1123 744 1168 a
769 1100 922 1169 Varrone
946 1117 1147 1191 usurpatum
1168 1118 1216 1170 est
1243 1113 1275 1189 ¹3

217 1225 320 1295 verbo
340 1250 356 1284 «
375 1219 529 1290 obnixe»
549 1238 630 1284 usus
645 1234 695 1284 est
708 1215 907 1302 Terentius3
924 1216 1026 1310 verbo
1043 1243 1058 1278 «
1073 1216 1273 1287 denubere»

218 1340 363 1414 Ovidius
376 1353 408 1406 et
427 1335 557 1436 Liuius.
569 1333 658 1403 Cum
671 1333 834 1402 infinitivo
850 1334 994 1403 verbum
1007 1361 1024 1396 a
1038 1351 1165 1425 capto»
1185 1335 1277 1426 apud

218 1455 381 1529 Ovidium
418 1453 702 1541 Phaedrumque,
728 1469 764 1520 ut
797 1454 890 1544 apud
923 1470 1095 1540 nostrum,
1127 1469 1274 1522 notatur.

217 1574 395 1644 Audacius
424 1573 460 1642 in
488 1572 557 1642 Ciri
601 1600 616 1634 α
648 1572 835 1662 glomerare
865 1597 882 1640 x
917 1573 1009 1642 idern
1044 1573 1208 1665 significat
1238 1594 1277 1642 ac

220 1712 336 1760 «nere
361 1717 378 1754 u
405 1689 497 1780 quod
519 1710 689 1777 nusquam
712 1689 816 1770 alias;
843 1706 876 1758 et
900 1716 917 1752 «
943 1690 1035 1758 nulla
1061 1718 1075 1751 r
1102 1691 1171 1762 vim
1195 1717 1276 1764 ean-

219 1806 298 1874 dem
312 1805 435 1874 habere
447 1826 487 1873 ac
501 1832 519 1867 t<
535 1824 603 1872 non
619 1832 634 1865 »
653 1803 686 1870 in
704 1803 767 1872 hoc
782 1825 881 1872 versu
896 1804 1029 1875 videtur
1044 1831 1053 1875 ε

373 1991 454 2042 Nulla
468 1989 557 2041 colum
572 1989 656 2054 novit,
672 2004 763 2040 carum
777 2005 831 2040 non
847 1991 957 2056 respicit
970 2007 1064 2042 aurum
1083 2003 1099 2043 ².

264 2163 358 2232 Nihil
375 2187 454 2233 vero
469 2164 594 2232 mirum
612 2179 661 2232 est
675 2180 831 2232 nostrum
846 2162 988 2232 dixisse:

361 2387 363 2392 .
453 2351 530 2401 Dona
542 2364 603 2400 meo
618 2338 734 2400 multum
749 2348 865 2414 vigilata
881 2350 980 2411 labore,

217 2541 296 2586 curn
313 2518 380 2586 iam
396 2518 562 2610 Vergilius
580 2543 597 2586 a
611 2518 709 2607 Quae
724 2519 891 2611 vigilanda
904 2520 983 2590 viris
996 2551 1027 2609 x,
1038 2538 1071 2590 et
1085 2521 1193 2626 Cinna
1210 2548 1216 2592 :

282 2716 285 2724 ’
346 2688 349 2695 ¹
375 2709 446 2759 llaec
461 2705 510 2757 tibi
525 2706 627 2756 Arateis
642 2707 757 2757 multum
773 2706 880 2772 vigilata
894 2707 1012 2759 lucernis

372 2796 498 2849 Carmina
513 2796 529 2845 ³.

233 2931 441 3050 Quantum
455 2959 499 3027 ad
512 2956 803 3046 deminutiva,etsi
817 2959 971 3029 videntur
982 2959 1026 3030 ab
1040 2959 1140 3050 epicis
1152 2959 1275 3029 carmi-

216 3079 316 3150 nibus
330 3076 523 3161 abhorrere,
533 3097 608 3143 vere
618 3098 654 3143 se
667 3073 789 3144 Catulli
803 3074 1005 3167 discipulum
1017 3076 1051 3144 in
1065 3075 1207 3145 hocesse
1220 3077 1276 3145 de-

251 3327 276 3360 1.
294 3310 398 3360 Varron
414 3309 449 3361 R.
464 3311 510 3368 R..
528 3326 575 3369 a‚r
591 3327 598 3360 ι
613 3310 754 3361 silvestria.
763 3309 995 3375 deprehenderent
1008 3323 1037 3360 ac
1051 3310 1237 3360 concluderent
1252 3301 1285 3360 et'

216 3411 442 3452 mansuescerent.

247 3506 272 3540 2.
290 3491 331 3541 Cf.
348 3491 405 3541 Cic.
420 3491 458 3540 ad
477 3491 544 3551 All,
559 3491 616 3553 XV,
637 3505 680 3541 22.
699 3491 755 3556 Ego
778 3499 867 3541 autem
890 3491 984 3555 scripsi
997 3491 1108 3541 Sextum
1122 3490 1274 3550 adventare,

213 3595 269 3630 non
285 3594 340 3645 quo
365 3578 418 3634 iam
439 3579 553 3642 adesset,
570 3580 618 3630 sed
641 3580 705 3645 quia
726 3591 795 3630 certe
818 3579 846 3629 id
869 3591 958 3646 ageret
980 3579 1014 3630 ab
1032 3579 1170 3645 armisque
1186 3579 1275 3630 nullus

211 3669 360 3720 discederet
376 3668 502 3734 (Madvig.
517 3669 567 3720 Gr.
582 3670 640 3732 lat,
656 3669 718 3734 455,
736 3670 771 3734 5).
1098 3667 1100 3672 ’

248 3757 272 3808 3.
290 3758 371 3819 Ciris,
386 3755 431 3821 46.
444 3758 535 3822 Verg„
546 3757 659 3824 Georg„
672 3759 691 3821 l,
706 3757 769 3808 312.
785 3759 821 3809 H.
837 3759 935 3824 Cinna,
950 3759 983 3810 fr.
997 3759 1010 3809 3
1028 3759 1087 3821 (Ed.
1099 3759 1128 3809 L.
1142 3759 1272 3818 Mueller).

214 3849 301 3899 Aliter
319 3846 456 3907 Horatius,
472 3847 514 3908 S,
531 3848 549 3906 l,
569 3846 592 3911 3,
611 3863 651 3913 17,
667 3859 760 3899 noctes
775 3849 910 3915 vigilabat,
934 3862 960 3901 et
983 3850 1107 3911 Ovidius,
1124 3851 1212 3913 Fasl,
1228 3851 1282 3912 lV,

218 3937 278 4003 167,
295 3936 403 4002 vigilata
418 3947 503 3987 nocte.
519 3937 578 3994 Hic.
595 3948 624 3989 ut
641 3947 740 4001 noster,
756 3938 840 3989 dixit:

310 4047 313 4054 '
414 4051 506 4096 Primus
517 4064 597 4096 amans
608 4064 697 4097 carmen
707 4051 825 4110 vigilatum
839 4060 903 4098 nocte
914 4061 995 4112 negata

471 4131 561 4175 Dicitur
569 4131 597 4176 ad
609 4133 698 4178 clausas
711 4133 855 4178 concinuisse
863 4135 929 4178 sores.

540 4266 545 4288 1
808 4216 893 4272 (Fast.,
905 4217 946 4272 IV,
962 4218 1023 4276 ¹09·)

416 4297 468 4341 Hoc
480 4295 577 4352 pretium
589 4307 655 4339 curae
665 4293 854 4352 vigilatorumque
862 4297 972 4340 laborum.

837 4375 896 4431 (Tr,
909 4376 938 4430 ll,
958 4377 1001 4431 tr.)
