<?xml version="1.0" encoding="UTF-8"?>
<!DOCTYPE html PUBLIC "-//W3C//DTD XHTML 1.0 Transitional//EN"
    "http://www.w3.org/TR/xhtml1/DTD/xhtml1-transitional.dtd">
<html xmlns="http://www.w3.org/1999/xhtml" xml:lang="en" lang="en">
 <head>
  <title>
</title>
<meta http-equiv="Content-Type" content="text/html;charset=utf-8" />
  <meta name='ocr-system' content='tesseract 3.04.00' />
  <meta name='ocr-capabilities' content='ocr_page ocr_carea ocr_par ocr_line ocrx_word'/>
</head>
<body>
  <div class='ocr_page' id='page_1' title='image "./decarmineciris00waltgoog_0053.png"; bbox 0 0 3134 5082; ppageno 0'>
   <div class='ocr_carea' id='block_1_1' title="bbox 460 1435 1203 1527">
    <p class='ocr_par' dir='ltr' id='par_1_1' title="bbox 460 1435 1203 1527">
     <span class='ocr_line' id='line_1_1' title="bbox 460 1435 1203 1527; baseline 0 -21"><span class='ocrx_word' id='word_1_1' title='bbox 460 1439 509 1506; x_wconf 88' lang='lat' dir='ltr'>De</span> <span class='ocrx_word' id='word_1_2' title='bbox 531 1435 669 1527; x_wconf 80' lang='lat' dir='ltr'><em>linguae</em></span> <span class='ocrx_word' id='word_1_3' title='bbox 692 1458 755 1505; x_wconf 84' lang='lat' dir='ltr'>usu</span> <span class='ocrx_word' id='word_1_4' title='bbox 774 1445 806 1503; x_wconf 84' lang='lat' dir='ltr'>el</span> <span class='ocrx_word' id='word_1_5' title='bbox 828 1457 866 1503; x_wconf 90' lang='lat' dir='ltr'>re</span> <span class='ocrx_word' id='word_1_6' title='bbox 891 1435 1032 1504; x_wconf 84' lang='lat' dir='ltr'>metrica</span> <span class='ocrx_word' id='word_1_7' title='bbox 1053 1435 1088 1504; x_wconf 88' lang='lat' dir='ltr'>in</span> <span class='ocrx_word' id='word_1_8' title='bbox 1110 1435 1203 1506; x_wconf 87' lang='lat' dir='ltr'>Ciri.</span> 
     </span>
    </p>
   </div>
   <div class='ocr_carea' id='block_1_2' title="bbox 240 1873 1367 3711">
    <p class='ocr_par' dir='ltr' id='par_1_2' title="bbox 240 1873 1367 3012">
     <span class='ocr_line' id='line_1_2' title="bbox 352 1873 1367 1965; baseline -0.001 -21"><span class='ocrx_word' id='word_1_9' title='bbox 352 1873 388 1944; x_wconf 91' lang='lat' dir='ltr'>Si</span> <span class='ocrx_word' id='word_1_10' title='bbox 407 1896 511 1965; x_wconf 82' lang='lat' dir='ltr'>genus</span> <span class='ocrx_word' id='word_1_11' title='bbox 529 1876 724 1943; x_wconf 89' lang='lat' dir='ltr'>universum</span> <span class='ocrx_word' id='word_1_12' title='bbox 737 1873 900 1942; x_wconf 90' lang='lat' dir='ltr'>orationis</span> <span class='ocrx_word' id='word_1_13' title='bbox 918 1891 949 1942; x_wconf 94' lang='lat' dir='ltr'>et</span> <span class='ocrx_word' id='word_1_14' title='bbox 970 1892 1076 1942; x_wconf 87' lang='lat' dir='ltr'>artem</span> <span class='ocrx_word' id='word_1_15' title='bbox 1092 1896 1208 1942; x_wconf 91' lang='lat' dir='ltr'>versus</span> <span class='ocrx_word' id='word_1_16' title='bbox 1222 1875 1367 1944; x_wconf 87' lang='lat' dir='ltr'>faciendi</span> 
     </span>
     <span class='ocr_line' id='line_1_3' title="bbox 308 1988 1366 2084; baseline 0.003 -27"><span class='ocrx_word' id='word_1_17' title='bbox 308 1988 536 2080; x_wconf 82' lang='lat' dir='ltr'>inspiciemus,</span> <span class='ocrx_word' id='word_1_18' title='bbox 551 1990 644 2058; x_wconf 88' lang='lat' dir='ltr'>facile</span> <span class='ocrx_word' id='word_1_19' title='bbox 658 2013 882 2079; x_wconf 84' lang='lat' dir='ltr'>agnoscemus</span> <span class='ocrx_word' id='word_1_20' title='bbox 896 1989 982 2059; x_wconf 91' lang='lat' dir='ltr'>Ciris</span> <span class='ocrx_word' id='word_1_21' title='bbox 995 2002 1166 2061; x_wconf 80' lang='lat' dir='ltr'>auctorem</span> <span class='ocrx_word' id='word_1_22' title='bbox 1181 2010 1213 2060; x_wconf 91' lang='lat' dir='ltr'>et</span> <span class='ocrx_word' id='word_1_23' title='bbox 1227 1990 1366 2084; x_wconf 86' lang='lat' dir='ltr'>Vergilii</span> 
     </span>
     <span class='ocr_line' id='line_1_4' title="bbox 306 2105 1367 2198; baseline 0.001 -25"><span class='ocrx_word' id='word_1_24' title='bbox 306 2123 456 2196; x_wconf 88' lang='lat' dir='ltr'>tempore</span> <span class='ocrx_word' id='word_1_25' title='bbox 471 2105 605 2192; x_wconf 89' lang='lat' dir='ltr'>vixisse,</span> <span class='ocrx_word' id='word_1_26' title='bbox 620 2125 652 2174; x_wconf 89' lang='lat' dir='ltr'>et</span> <span class='ocrx_word' id='word_1_27' title='bbox 667 2106 763 2175; x_wconf 90' lang='lat' dir='ltr'>certis</span> <span class='ocrx_word' id='word_1_28' title='bbox 778 2106 812 2175; x_wconf 91' lang='lat' dir='ltr'>in</span> <span class='ocrx_word' id='word_1_29' title='bbox 836 2107 935 2175; x_wconf 91' lang='lat' dir='ltr'>rebus</span> <span class='ocrx_word' id='word_1_30' title='bbox 950 2106 1124 2176; x_wconf 91' lang='lat' dir='ltr'>Catullum</span> <span class='ocrx_word' id='word_1_31' title='bbox 1143 2106 1255 2198; x_wconf 83' lang='lat' dir='ltr'>potius</span> <span class='ocrx_word' id='word_1_32' title='bbox 1269 2129 1367 2176; x_wconf 91' lang='lat' dir='ltr'>secu-</span> 
     </span>
     <span class='ocr_line' id='line_1_5' title="bbox 240 2205 1366 2312; baseline -0.001 -22"><span class='ocrx_word' id='word_1_33' title='bbox 240 2205 245 2216; x_wconf 65' lang='grc'><strong>’</strong></span> <span class='ocrx_word' id='word_1_34' title='bbox 306 2239 379 2291; x_wconf 87' lang='lat' dir='ltr'>tum</span> <span class='ocrx_word' id='word_1_35' title='bbox 394 2245 476 2291; x_wconf 90' lang='lat' dir='ltr'>esse.</span> <span class='ocrx_word' id='word_1_36' title='bbox 490 2222 826 2312; x_wconf 85' lang='lat' dir='ltr'>Vergiliumquidem</span> <span class='ocrx_word' id='word_1_37' title='bbox 836 2241 929 2292; x_wconf 86' lang='lat' dir='ltr'>tanta</span> <span class='ocrx_word' id='word_1_38' title='bbox 945 2223 1075 2292; x_wconf 90' lang='lat' dir='ltr'>licentia</span> <span class='ocrx_word' id='word_1_39' title='bbox 1089 2222 1237 2292; x_wconf 89' lang='lat' dir='ltr'>imitatus</span> <span class='ocrx_word' id='word_1_40' title='bbox 1251 2239 1313 2308; x_wconf 89' lang='lat' dir='ltr'>est,</span> <span class='ocrx_word' id='word_1_41' title='bbox 1329 2238 1366 2290; x_wconf 92' lang='lat' dir='ltr'>ut</span> 
     </span>
     <span class='ocr_line' id='line_1_6' title="bbox 305 2336 1367 2430; baseline 0 -24"><span class='ocrx_word' id='word_1_42' title='bbox 305 2337 375 2407; x_wconf 91' lang='lat' dir='ltr'>eius</span> <span class='ocrx_word' id='word_1_43' title='bbox 390 2338 505 2429; x_wconf 92' lang='lat' dir='ltr'>spoliis</span> <span class='ocrx_word' id='word_1_44' title='bbox 519 2361 620 2407; x_wconf 92' lang='lat' dir='ltr'>suum</span> <span class='ocrx_word' id='word_1_45' title='bbox 634 2361 720 2430; x_wconf 90' lang='lat' dir='ltr'>opus</span> <span class='ocrx_word' id='word_1_46' title='bbox 737 2339 886 2428; x_wconf 90' lang='lat' dir='ltr'>undique</span> <span class='ocrx_word' id='word_1_47' title='bbox 904 2338 1127 2425; x_wconf 83' lang='lat' dir='ltr'>exornaverit,</span> <span class='ocrx_word' id='word_1_48' title='bbox 1143 2336 1267 2407; x_wconf 86' lang='lat' dir='ltr'>Catulli</span> <span class='ocrx_word' id='word_1_49' title='bbox 1278 2359 1367 2416; x_wconf 51' lang='lat' dir='ltr'>‚vero</span> 
     </span>
     <span class='ocr_line' id='line_1_7' title="bbox 307 2451 1365 2548; baseline -0.003 -25"><span class='ocrx_word' id='word_1_50' title='bbox 307 2454 419 2545; x_wconf 91' lang='lat' dir='ltr'>potius</span> <span class='ocrx_word' id='word_1_51' title='bbox 434 2478 516 2524; x_wconf 91' lang='lat' dir='ltr'>suco</span> <span class='ocrx_word' id='word_1_52' title='bbox 528 2473 560 2523; x_wconf 91' lang='lat' dir='ltr'>et</span> <span class='ocrx_word' id='word_1_53' title='bbox 576 2458 739 2548; x_wconf 86' lang='lat' dir='ltr'>sanguine</span> <span class='ocrx_word' id='word_1_54' title='bbox 754 2455 905 2524; x_wconf 87' lang='lat' dir='ltr'>imbutus</span> <span class='ocrx_word' id='word_1_55' title='bbox 917 2473 984 2542; x_wconf 73' lang='lat' dir='ltr'>est,</span> <span class='ocrx_word' id='word_1_56' title='bbox 1001 2472 1037 2524; x_wconf 94' lang='lat' dir='ltr'>ut</span> <span class='ocrx_word' id='word_1_57' title='bbox 1052 2455 1206 2523; x_wconf 89' lang='lat' dir='ltr'>videatur</span> <span class='ocrx_word' id='word_1_58' title='bbox 1214 2451 1365 2544; x_wconf 85' lang='lat' dir='ltr'>Vergilii,</span> 
     </span>
     <span class='ocr_line' id='line_1_8' title="bbox 307 2572 1364 2664; baseline 0 -26"><span class='ocrx_word' id='word_1_59' title='bbox 307 2591 386 2639; x_wconf 90' lang='lat' dir='ltr'>cum</span> <span class='ocrx_word' id='word_1_60' title='bbox 410 2572 526 2641; x_wconf 89' lang='lat' dir='ltr'>eadem</span> <span class='ocrx_word' id='word_1_61' title='bbox 547 2572 615 2642; x_wconf 85' lang='lat' dir='ltr'>fere</span> <span class='ocrx_word' id='word_1_62' title='bbox 640 2574 755 2664; x_wconf 89' lang='lat' dir='ltr'>lingua</span> <span class='ocrx_word' id='word_1_63' title='bbox 781 2590 941 2660; x_wconf 87' lang='lat' dir='ltr'>uteretur,</span> <span class='ocrx_word' id='word_1_64' title='bbox 968 2573 1069 2642; x_wconf 87' lang='lat' dir='ltr'>luisse</span> <span class='ocrx_word' id='word_1_65' title='bbox 1088 2572 1259 2663; x_wconf 88' lang='lat' dir='ltr'>aequalis,</span> <span class='ocrx_word' id='word_1_66' title='bbox 1281 2594 1364 2658; x_wconf 91' lang='lat' dir='ltr'>non,</span> 
     </span>
     <span class='ocr_line' id='line_1_9' title="bbox 307 2669 1367 2778; baseline 0 -24"><span class='ocrx_word' id='word_1_67' title='bbox 307 2686 369 2754; x_wconf 85' lang='lat' dir='ltr'>etsi</span> <span class='ocrx_word' id='word_1_68' title='bbox 387 2687 533 2776; x_wconf 92' lang='lat' dir='ltr'>plurima</span> <span class='ocrx_word' id='word_1_69' title='bbox 561 2689 591 2757; x_wconf 90' lang='lat' dir='ltr'>ei</span> <span class='ocrx_word' id='word_1_70' title='bbox 617 2686 835 2778; x_wconf 79' lang='lat' dir='ltr'>subripuerit,</span> <span class='ocrx_word' id='word_1_71' title='bbox 856 2710 931 2756; x_wconf 89' lang='lat' dir='ltr'>vere</span> <span class='ocrx_word' id='word_1_72' title='bbox 952 2688 1151 2777; x_wconf 88' lang='lat' dir='ltr'>discipulus;</span> <span class='ocrx_word' id='word_1_73' title='bbox 1180 2669 1248 2756; x_wconf 79' lang='lat' dir='ltr'>tion</span> <span class='ocrx_word' id='word_1_74' title='bbox 1274 2684 1367 2755; x_wconf 90' lang='lat' dir='ltr'>enim</span> 
     </span>
     <span class='ocr_line' id='line_1_10' title="bbox 307 2789 1364 2896; baseline -0.003 -24"><span class='ocrx_word' id='word_1_75' title='bbox 307 2803 379 2872; x_wconf 88' lang='lat' dir='ltr'>eius</span> <span class='ocrx_word' id='word_1_76' title='bbox 397 2826 515 2874; x_wconf 88' lang='lat' dir='ltr'>omnes</span> <span class='ocrx_word' id='word_1_77' title='bbox 539 2805 715 2896; x_wconf 88' lang='lat' dir='ltr'>eloquendi</span> <span class='ocrx_word' id='word_1_78' title='bbox 732 2828 812 2895; x_wconf 91' lang='lat' dir='ltr'>opes</span> <span class='ocrx_word' id='word_1_79' title='bbox 829 2804 982 2896; x_wconf 89' lang='lat' dir='ltr'>proprias</span> <span class='ocrx_word' id='word_1_80' title='bbox 1002 2804 1064 2873; x_wconf 91' lang='lat' dir='ltr'>sibi</span> <span class='ocrx_word' id='word_1_81' title='bbox 1086 2802 1184 2873; x_wconf 88' lang='lat' dir='ltr'>efficit</span> <span class='ocrx_word' id='word_1_82' title='bbox 1202 2824 1311 2893; x_wconf 91' lang='lat' dir='ltr'>neque</span> <span class='ocrx_word' id='word_1_83' title='bbox 1330 2789 1364 2870; x_wconf 68' lang='lat' dir='ltr'>ix</span> 
     </span>
     <span class='ocr_line' id='line_1_11' title="bbox 307 2919 1096 3012; baseline 0.001 -24"><span class='ocrx_word' id='word_1_84' title='bbox 307 2921 466 2991; x_wconf 90' lang='lat' dir='ltr'>omnibus</span> <span class='ocrx_word' id='word_1_85' title='bbox 481 2922 580 2991; x_wconf 88' lang='lat' dir='ltr'>rebus</span> <span class='ocrx_word' id='word_1_86' title='bbox 595 2920 850 2990; x_wconf 89' lang='lat' dir='ltr'>similitudinem</span> <span class='ocrx_word' id='word_1_87' title='bbox 863 2919 933 2990; x_wconf 90' lang='lat' dir='ltr'>eius</span> <span class='ocrx_word' id='word_1_88' title='bbox 947 2921 1096 3012; x_wconf 88' lang='lat' dir='ltr'>praebet.</span> 
     </span>
    </p>

    <p class='ocr_par' dir='ltr' id='par_1_3' title="bbox 259 3035 1364 3711">
     <span class='ocr_line' id='line_1_12' title="bbox 351 3035 1364 3129; baseline 0 -26"><span class='ocrx_word' id='word_1_89' title='bbox 351 3037 526 3107; x_wconf 87' lang='lat' dir='ltr'>Vocabula</span> <span class='ocrx_word' id='word_1_90' title='bbox 540 3038 678 3129; x_wconf 88' lang='lat' dir='ltr'>quidem</span> <span class='ocrx_word' id='word_1_91' title='bbox 692 3038 760 3107; x_wconf 83' lang='lat' dir='ltr'>iere</span> <span class='ocrx_word' id='word_1_92' title='bbox 774 3039 866 3106; x_wconf 87' lang='lat' dir='ltr'>nulla</span> <span class='ocrx_word' id='word_1_93' title='bbox 881 3060 949 3106; x_wconf 91' lang='lat' dir='ltr'>non</span> <span class='ocrx_word' id='word_1_94' title='bbox 969 3038 1025 3106; x_wconf 91' lang='lat' dir='ltr'>illo</span> <span class='ocrx_word' id='word_1_95' title='bbox 1050 3055 1200 3128; x_wconf 90' lang='lat' dir='ltr'>ternpore</span> <span class='ocrx_word' id='word_1_96' title='bbox 1216 3035 1364 3105; x_wconf 85' lang='lat' dir='ltr'>maxime</span> 
     </span>
     <span class='ocr_line' id='line_1_13' title="bbox 259 3152 1363 3244; baseline 0.001 -24"><span class='ocrx_word' id='word_1_97' title='bbox 259 3192 264 3199; x_wconf 94' lang='lat'><em>-</em></span> <span class='ocrx_word' id='word_1_98' title='bbox 307 3152 426 3222; x_wconf 91' lang='lat' dir='ltr'>usitata</span> <span class='ocrx_word' id='word_1_99' title='bbox 438 3155 585 3224; x_wconf 89' lang='lat' dir='ltr'>continet</span> <span class='ocrx_word' id='word_1_100' title='bbox 600 3153 700 3242; x_wconf 89' lang='lat' dir='ltr'>Ciris,</span> <span class='ocrx_word' id='word_1_101' title='bbox 721 3155 979 3244; x_wconf 89' lang='lat' dir='ltr'>necquicquam</span> <span class='ocrx_word' id='word_1_102' title='bbox 998 3154 1098 3223; x_wconf 90' lang='lat' dir='ltr'>habet</span> <span class='ocrx_word' id='word_1_103' title='bbox 1120 3177 1178 3223; x_wconf 90' lang='lat' dir='ltr'>seu</span> <span class='ocrx_word' id='word_1_104' title='bbox 1201 3169 1363 3224; x_wconf 89' lang='lat' dir='ltr'>vetustate</span> 
     </span>
     <span class='ocr_line' id='line_1_14' title="bbox 304 3270 1362 3362; baseline 0.002 -26"><span class='ocrx_word' id='word_1_105' title='bbox 304 3291 364 3338; x_wconf 90' lang='lat' dir='ltr'>seu</span> <span class='ocrx_word' id='word_1_106' title='bbox 378 3270 527 3341; x_wconf 90' lang='lat' dir='ltr'>novitate</span> <span class='ocrx_word' id='word_1_107' title='bbox 545 3271 725 3362; x_wconf 86' lang='lat' dir='ltr'>singulare.</span> <span class='ocrx_word' id='word_1_108' title='bbox 745 3271 861 3340; x_wconf 89' lang='lat' dir='ltr'>Prisca</span> <span class='ocrx_word' id='word_1_109' title='bbox 882 3271 972 3340; x_wconf 92' lang='lat' dir='ltr'>enim</span> <span class='ocrx_word' id='word_1_110' title='bbox 996 3271 1176 3357; x_wconf 86' lang='lat' dir='ltr'>vocabula,</span> <span class='ocrx_word' id='word_1_111' title='bbox 1193 3271 1255 3339; x_wconf 89' lang='lat' dir='ltr'>nisi</span> <span class='ocrx_word' id='word_1_112' title='bbox 1273 3270 1362 3358; x_wconf 85' lang='lat' dir='ltr'>quae</span> 
     </span>
     <span class='ocr_line' id='line_1_15' title="bbox 303 3383 1361 3478; baseline 0.001 -27"><span class='ocrx_word' id='word_1_113' title='bbox 303 3402 383 3452; x_wconf 91' lang='lat' dir='ltr'>sunt</span> <span class='ocrx_word' id='word_1_114' title='bbox 396 3385 498 3454; x_wconf 90' lang='lat' dir='ltr'>etiam</span> <span class='ocrx_word' id='word_1_115' title='bbox 513 3388 603 3478; x_wconf 90' lang='lat' dir='ltr'>apud</span> <span class='ocrx_word' id='word_1_116' title='bbox 621 3387 808 3478; x_wconf 86' lang='lat' dir='ltr'>Vergilium</span> <span class='ocrx_word' id='word_1_117' title='bbox 827 3387 1091 3476; x_wconf 89' lang='lat' dir='ltr'>Horatiumque,</span> <span class='ocrx_word' id='word_1_118' title='bbox 1108 3402 1140 3455; x_wconf 91' lang='lat' dir='ltr'>et</span> <span class='ocrx_word' id='word_1_119' title='bbox 1152 3386 1210 3455; x_wconf 90' lang='lat' dir='ltr'>illa</span> <span class='ocrx_word' id='word_1_120' title='bbox 1222 3383 1361 3474; x_wconf 88' lang='lat' dir='ltr'>quidem</span> 
     </span>
     <span class='ocr_line' id='line_1_16' title="bbox 301 3499 1359 3589; baseline 0 -22"><span class='ocrx_word' id='word_1_121' title='bbox 301 3499 484 3588; x_wconf 88' lang='lat' dir='ltr'>rarissima,</span> <span class='ocrx_word' id='word_1_122' title='bbox 509 3501 672 3589; x_wconf 90' lang='lat' dir='ltr'>invenias,</span> <span class='ocrx_word' id='word_1_123' title='bbox 700 3521 737 3571; x_wconf 88' lang='lat' dir='ltr'>ut</span> <span class='ocrx_word' id='word_1_124' title='bbox 764 3529 781 3566; x_wconf 77' lang='lat' dir='ltr'>a</span> <span class='ocrx_word' id='word_1_125' title='bbox 808 3502 958 3571; x_wconf 89' lang='lat' dir='ltr'>vexarier</span> <span class='ocrx_word' id='word_1_126' title='bbox 985 3530 1017 3588; x_wconf 75' lang='lat' dir='ltr'>n,</span> <span class='ocrx_word' id='word_1_127' title='bbox 1045 3500 1108 3570; x_wconf 91' lang='lat' dir='ltr'>nisi</span> <span class='ocrx_word' id='word_1_128' title='bbox 1139 3532 1154 3565; x_wconf 74' lang='lat' dir='ltr'>r</span> <span class='ocrx_word' id='word_1_129' title='bbox 1186 3500 1294 3571; x_wconf 89' lang='lat' dir='ltr'>texuis</span> <span class='ocrx_word' id='word_1_130' title='bbox 1325 3528 1359 3586; x_wconf 89' lang='lat'>»,</span> 
     </span>
     <span class='ocr_line' id='line_1_17' title="bbox 301 3616 1360 3711; baseline -0.002 -26"><span class='ocrx_word' id='word_1_131' title='bbox 301 3617 336 3685; x_wconf 91' lang='lat' dir='ltr'>in</span> <span class='ocrx_word' id='word_1_132' title='bbox 360 3618 424 3688; x_wconf 89' lang='lat' dir='ltr'>hoc</span> <span class='ocrx_word' id='word_1_133' title='bbox 447 3643 543 3688; x_wconf 89' lang='lat' dir='ltr'>versu</span> <span class='ocrx_word' id='word_1_134' title='bbox 575 3643 652 3691; x_wconf 87' lang='lat' dir='ltr'>cum</span> <span class='ocrx_word' id='word_1_135' title='bbox 677 3621 832 3711; x_wconf 88' lang='lat' dir='ltr'>pluribus</span> <span class='ocrx_word' id='word_1_136' title='bbox 857 3619 1079 3691; x_wconf 88' lang='lat' dir='ltr'>recentiorum</span> <span class='ocrx_word' id='word_1_137' title='bbox 1099 3618 1267 3690; x_wconf 89' lang='lat' dir='ltr'>editorum</span> <span class='ocrx_word' id='word_1_138' title='bbox 1298 3616 1360 3684; x_wconf 89' lang='lat' dir='ltr'>ad-</span> 
     </span>
    </p>
   </div>
   <div class='ocr_carea' id='block_1_3' title="bbox 299 3750 1227 3920">
    <p class='ocr_par' dir='ltr' id='par_1_4' title="bbox 299 3750 1227 3920">
     <span class='ocr_line' id='line_1_18' title="bbox 299 3750 438 3804; baseline 0.022 -3"><span class='ocrx_word' id='word_1_139' title='bbox 299 3750 413 3804; x_wconf 76' lang='lat' dir='ltr'>mittas</span> <span class='ocrx_word' id='word_1_140' title='bbox 430 3760 438 3803; x_wconf 70' lang='grc' dir='ltr'>ἓ</span> 
     </span>
     <span class='ocr_line' id='line_1_19' title="bbox 453 3851 1227 3920; baseline 0 -20"><span class='ocrx_word' id='word_1_141' title='bbox 453 3851 582 3902; x_wconf 85' lang='lat' dir='ltr'>Polliceor</span> <span class='ocrx_word' id='word_1_142' title='bbox 599 3868 604 3902; x_wconf 96' lang='lat'><strong>:</strong></span> <span class='ocrx_word' id='word_1_143' title='bbox 622 3852 690 3903; x_wconf 88' lang='lat' dir='ltr'>nihil</span> <span class='ocrx_word' id='word_1_144' title='bbox 707 3861 755 3918; x_wconf 83' lang='lat' dir='ltr'>est,</span> <span class='ocrx_word' id='word_1_145' title='bbox 771 3853 844 3920; x_wconf 91' lang='lat' dir='ltr'>quod</span> <span class='ocrx_word' id='word_1_146' title='bbox 857 3852 944 3904; x_wconf 81' lang='lat' dir='ltr'>texuis</span> <span class='ocrx_word' id='word_1_147' title='bbox 959 3852 1063 3909; x_wconf 84' lang='lat' dir='ltr'>ordine,</span> <span class='ocrx_word' id='word_1_148' title='bbox 1076 3853 1193 3917; x_wconf 85' lang='lat' dir='ltr'>longum</span> <span class='ocrx_word' id='word_1_149' title='bbox 1209 3854 1227 3900; x_wconf 91' lang='lat'>¹.</span> 
     </span>
    </p>
   </div>
   <div class='ocr_carea' id='block_1_4' title="bbox 292 4020 1358 4113">
    <p class='ocr_par' dir='ltr' id='par_1_5' title="bbox 292 4020 1358 4113">
     <span class='ocr_line' id='line_1_20' title="bbox 292 4020 1358 4113; baseline -0.006 -21"><span class='ocrx_word' id='word_1_150' title='bbox 292 4024 417 4112; x_wconf 84' lang='lat' dir='ltr'>&#39;Neque</span> <span class='ocrx_word' id='word_1_151' title='bbox 432 4024 500 4091; x_wconf 91' lang='lat' dir='ltr'>ulla</span> <span class='ocrx_word' id='word_1_152' title='bbox 520 4023 624 4092; x_wconf 90' lang='lat' dir='ltr'>verba</span> <span class='ocrx_word' id='word_1_153' title='bbox 638 4022 777 4113; x_wconf 89' lang='lat' dir='ltr'>antiquo</span> <span class='ocrx_word' id='word_1_154' title='bbox 790 4044 884 4091; x_wconf 88' lang='lat' dir='ltr'>more</span> <span class='ocrx_word' id='word_1_155' title='bbox 899 4021 1099 4112; x_wconf 88' lang='lat' dir='ltr'>composita,</span> <span class='ocrx_word' id='word_1_156' title='bbox 1112 4020 1227 4111; x_wconf 90' lang='lat' dir='ltr'>qualia</span> <span class='ocrx_word' id='word_1_157' title='bbox 1242 4037 1358 4089; x_wconf 85' lang='lat' dir='ltr'>tamen</span> 
     </span>
    </p>
   </div>
   <div class='ocr_carea' id='block_1_5' title="bbox 292 4239 1358 4399">
    <p class='ocr_par' dir='ltr' id='par_1_6' title="bbox 292 4239 1358 4399">
     <span class='ocr_line' id='line_1_21' title="bbox 330 4239 1358 4312; baseline -0.005 -18"><span class='ocrx_word' id='word_1_158' title='bbox 330 4260 354 4295; x_wconf 90' lang='lat'>1.</span> <span class='ocrx_word' id='word_1_159' title='bbox 373 4245 452 4304; x_wconf 88' lang='lat' dir='ltr'>Ciris,</span> <span class='ocrx_word' id='word_1_160' title='bbox 465 4243 524 4312; x_wconf 68' lang='lat'>339.</span> <span class='ocrx_word' id='word_1_161' title='bbox 540 4245 573 4296; x_wconf 92' lang='grc' dir='ltr'>Ο.</span> <span class='ocrx_word' id='word_1_162' title='bbox 593 4243 722 4301; x_wconf 87' lang='lat' dir='ltr'>Ribbeck,</span> <span class='ocrx_word' id='word_1_163' title='bbox 746 4241 879 4307; x_wconf 84' lang='lat' dir='ltr'>Ladewig‚</span> <span class='ocrx_word' id='word_1_164' title='bbox 897 4241 925 4292; x_wconf 87' lang='lat' dir='ltr'>E.</span> <span class='ocrx_word' id='word_1_165' title='bbox 942 4240 1060 4290; x_wconf 87' lang='lat' dir='ltr'>Benoist.</span> <span class='ocrx_word' id='word_1_166' title='bbox 1081 4243 1198 4291; x_wconf 81' lang='lat' dir='ltr'>Auctore</span> <span class='ocrx_word' id='word_1_167' title='bbox 1213 4242 1244 4290; x_wconf 89' lang='grc' dir='ltr'>Α.</span> <span class='ocrx_word' id='word_1_168' title='bbox 1267 4239 1358 4290; x_wconf 86' lang='lat' dir='ltr'>Baeh-</span> 
     </span>
     <span class='ocr_line' id='line_1_22' title="bbox 292 4330 963 4399; baseline -0.006 -17"><span class='ocrx_word' id='word_1_169' title='bbox 292 4347 355 4383; x_wconf 84' lang='lat' dir='ltr'>rens</span> <span class='ocrx_word' id='word_1_170' title='bbox 369 4351 382 4379; x_wconf 76' lang='grc' dir='ltr'>ιι</span> <span class='ocrx_word' id='word_1_171' title='bbox 397 4333 496 4384; x_wconf 86' lang='lat' dir='ltr'>texitur</span> <span class='ocrx_word' id='word_1_172' title='bbox 507 4353 520 4381; x_wconf 78' lang='lat' dir='ltr'>n</span> <span class='ocrx_word' id='word_1_173' title='bbox 536 4333 738 4399; x_wconf 88' lang='lat' dir='ltr'>praeferendum</span> <span class='ocrx_word' id='word_1_174' title='bbox 755 4331 835 4382; x_wconf 90' lang='lat' dir='ltr'>nobis</span> <span class='ocrx_word' id='word_1_175' title='bbox 847 4330 963 4381; x_wconf 87' lang='lat' dir='ltr'>videtur.</span> 
     </span>
    </p>
   </div>
   <div class='ocr_carea' id='block_1_6' title="bbox 0 0 1572 5082">
    <p class='ocr_par' dir='ltr' id='par_1_7' title="bbox 0 0 1572 5082">
     <span class='ocr_line' id='line_1_23' title="bbox 0 0 1572 5082; baseline 0 4"><span class='ocrx_word' id='word_1_176' title='bbox 0 0 1572 5082; x_wconf 95' lang='lat' dir='ltr'> </span> 
     </span>
    </p>
   </div>
  </div>
 </body>
</html>
