<?xml version="1.0" encoding="UTF-8"?>
<!DOCTYPE html PUBLIC "-//W3C//DTD XHTML 1.0 Transitional//EN"
    "http://www.w3.org/TR/xhtml1/DTD/xhtml1-transitional.dtd">
<html xmlns="http://www.w3.org/1999/xhtml" xml:lang="en" lang="en">
 <head>
  <title>
</title>
<meta http-equiv="Content-Type" content="text/html;charset=utf-8" />
  <meta name='ocr-system' content='tesseract 3.04.00' />
  <meta name='ocr-capabilities' content='ocr_page ocr_carea ocr_par ocr_line ocrx_word'/>
</head>
<body>
  <div class='ocr_page' id='page_1' title='image "./decarmineciris00waltgoog_0084.png"; bbox 0 0 3140 5072; ppageno 0'>
   <div class='ocr_carea' id='block_1_1' title="bbox 552 465 1262 565">
    <p class='ocr_par' dir='ltr' id='par_1_1' title="bbox 552 465 1262 565">
     <span class='ocr_line' id='line_1_1' title="bbox 552 465 1262 565; baseline -0.003 -25"><span class='ocrx_word' id='word_1_1' title='bbox 552 492 600 540; x_wconf 80' lang='lat' dir='ltr'>na</span> <span class='ocrx_word' id='word_1_2' title='bbox 626 489 792 542; x_wconf 77' lang='lat' dir='ltr'>clamne</span> <span class='ocrx_word' id='word_1_3' title='bbox 818 489 914 540; x_wconf 83' lang='lat' dir='ltr'>etms</span> <span class='ocrx_word' id='word_1_4' title='bbox 1213 465 1262 565; x_wconf 88' lang='lat'>67</span> 
     </span>
    </p>
   </div>
   <div class='ocr_carea' id='block_1_2' title="bbox 203 613 1327 1861">
    <p class='ocr_par' dir='ltr' id='par_1_2' title="bbox 203 613 1327 1861">
     <span class='ocr_line' id='line_1_2' title="bbox 206 613 1264 705; baseline 0 -23"><span class='ocrx_word' id='word_1_5' title='bbox 206 615 284 682; x_wconf 93' lang='lat' dir='ltr'>dere</span> <span class='ocrx_word' id='word_1_6' title='bbox 296 614 456 705; x_wconf 80' lang='lat' dir='ltr'>negabit?</span> <span class='ocrx_word' id='word_1_7' title='bbox 473 613 610 682; x_wconf 84' lang='lat' dir='ltr'>Initium</span> <span class='ocrx_word' id='word_1_8' title='bbox 624 613 775 704; x_wconf 91' lang='lat' dir='ltr'>quidem,</span> <span class='ocrx_word' id='word_1_9' title='bbox 790 614 848 683; x_wconf 92' lang='lat' dir='ltr'>ubi</span> <span class='ocrx_word' id='word_1_10' title='bbox 863 614 1009 705; x_wconf 87' lang='lat' dir='ltr'>appellat</span> <span class='ocrx_word' id='word_1_11' title='bbox 1022 630 1139 681; x_wconf 89' lang='lat' dir='ltr'>ventos</span> <span class='ocrx_word' id='word_1_12' title='bbox 1155 613 1264 682; x_wconf 88' lang='lat' dir='ltr'>Deos-</span> 
     </span>
     <span class='ocr_line' id='line_1_3' title="bbox 205 730 1263 820; baseline -0.001 -21"><span class='ocrx_word' id='word_1_13' title='bbox 205 754 271 820; x_wconf 89' lang='lat' dir='ltr'>que</span> <span class='ocrx_word' id='word_1_14' title='bbox 286 750 318 799; x_wconf 91' lang='lat' dir='ltr'>et</span> <span class='ocrx_word' id='word_1_15' title='bbox 336 755 428 817; x_wconf 91' lang='lat' dir='ltr'>aves,</span> <span class='ocrx_word' id='word_1_16' title='bbox 445 731 489 798; x_wconf 91' lang='lat' dir='ltr'>ad</span> <span class='ocrx_word' id='word_1_17' title='bbox 508 730 680 799; x_wconf 81' lang='lat' dir='ltr'>rhetorum</span> <span class='ocrx_word' id='word_1_18' title='bbox 693 730 953 799; x_wconf 86' lang='lat' dir='ltr'>declamationes</span> <span class='ocrx_word' id='word_1_19' title='bbox 969 730 1109 815; x_wconf 90' lang='lat' dir='ltr'>accedit,</span> <span class='ocrx_word' id='word_1_20' title='bbox 1125 747 1195 798; x_wconf 92' lang='lat' dir='ltr'>arte</span> <span class='ocrx_word' id='word_1_21' title='bbox 1211 747 1263 798; x_wconf 89' lang='lat' dir='ltr'>ta-</span> 
     </span>
     <span class='ocr_line' id='line_1_4' title="bbox 205 847 1264 938; baseline 0 -24"><span class='ocrx_word' id='word_1_22' title='bbox 205 865 340 916; x_wconf 90' lang='lat' dir='ltr'>menet</span> <span class='ocrx_word' id='word_1_23' title='bbox 368 847 542 936; x_wconf 83' lang='lat' dir='ltr'>splendore</span> <span class='ocrx_word' id='word_1_24' title='bbox 568 848 754 938; x_wconf 88' lang='lat' dir='ltr'>figurarum</span> <span class='ocrx_word' id='word_1_25' title='bbox 780 869 848 915; x_wconf 93' lang='lat' dir='ltr'>non</span> <span class='ocrx_word' id='word_1_26' title='bbox 873 848 1179 932; x_wconf 66' lang='lat' dir='ltr'>contemnendum,</span> <span class='ocrx_word' id='word_1_27' title='bbox 1204 847 1264 914; x_wconf 92' lang='lat' dir='ltr'>sed</span> 
     </span>
     <span class='ocr_line' id='line_1_5' title="bbox 206 963 1264 1052; baseline 0 -22"><span class='ocrx_word' id='word_1_28' title='bbox 206 964 332 1052; x_wconf 87' lang='lat' dir='ltr'>reliqua</span> <span class='ocrx_word' id='word_1_29' title='bbox 357 963 506 1031; x_wconf 89' lang='lat' dir='ltr'>oratione</span> <span class='ocrx_word' id='word_1_30' title='bbox 524 963 676 1052; x_wconf 86' lang='lat' dir='ltr'>proditur</span> <span class='ocrx_word' id='word_1_31' title='bbox 699 963 784 1032; x_wconf 89' lang='lat' dir='ltr'>adeo</span> <span class='ocrx_word' id='word_1_32' title='bbox 804 965 926 1031; x_wconf 88' lang='lat' dir='ltr'>ardens</span> <span class='ocrx_word' id='word_1_33' title='bbox 948 982 980 1032; x_wconf 90' lang='lat' dir='ltr'>et</span> <span class='ocrx_word' id='word_1_34' title='bbox 999 965 1144 1032; x_wconf 80' lang='lat' dir='ltr'>furiosus</span> <span class='ocrx_word' id='word_1_35' title='bbox 1167 985 1264 1031; x_wconf 92' lang='lat' dir='ltr'>amor</span> 
     </span>
     <span class='ocr_line' id='line_1_6' title="bbox 208 1079 1327 1170; baseline 0.002 -24"><span class='ocrx_word' id='word_1_36' title='bbox 208 1095 243 1146; x_wconf 92' lang='lat' dir='ltr'>ut</span> <span class='ocrx_word' id='word_1_37' title='bbox 262 1079 491 1169; x_wconf 86' lang='lat' dir='ltr'>intellegamus</span> <span class='ocrx_word' id='word_1_38' title='bbox 518 1080 690 1168; x_wconf 90' lang='lat' dir='ltr'>quomodo</span> <span class='ocrx_word' id='word_1_39' title='bbox 705 1079 835 1169; x_wconf 86' lang='lat' dir='ltr'>puella,</span> <span class='ocrx_word' id='word_1_40' title='bbox 859 1079 981 1169; x_wconf 91' lang='lat' dir='ltr'>pietate</span> <span class='ocrx_word' id='word_1_41' title='bbox 999 1098 1032 1148; x_wconf 92' lang='lat' dir='ltr'>et</span> <span class='ocrx_word' id='word_1_42' title='bbox 1055 1079 1264 1149; x_wconf 82' lang='lat' dir='ltr'>humanitate</span> <span class='ocrx_word' id='word_1_43' title='bbox 1323 1163 1327 1170; x_wconf 26' lang='grc' dir='ltr'>Ι</span> 
     </span>
     <span class='ocr_line' id='line_1_7' title="bbox 206 1192 1265 1280; baseline 0.002 -20"><span class='ocrx_word' id='word_1_44' title='bbox 206 1192 301 1261; x_wconf 92' lang='lat' dir='ltr'>omni</span> <span class='ocrx_word' id='word_1_45' title='bbox 323 1194 462 1280; x_wconf 92' lang='lat' dir='ltr'>omissa,</span> <span class='ocrx_word' id='word_1_46' title='bbox 491 1211 626 1262; x_wconf 89' lang='lat' dir='ltr'>tantum</span> <span class='ocrx_word' id='word_1_47' title='bbox 649 1195 780 1263; x_wconf 86' lang='lat' dir='ltr'>facinus</span> <span class='ocrx_word' id='word_1_48' title='bbox 806 1194 900 1263; x_wconf 92' lang='lat' dir='ltr'>obire</span> <span class='ocrx_word' id='word_1_49' title='bbox 922 1195 1124 1264; x_wconf 87' lang='lat' dir='ltr'>sustinuerit.</span> <span class='ocrx_word' id='word_1_50' title='bbox 1149 1192 1265 1264; x_wconf 87' lang='lat' dir='ltr'>Scelus</span> 
     </span>
     <span class='ocr_line' id='line_1_8' title="bbox 205 1309 1265 1399; baseline 0.003 -24"><span class='ocrx_word' id='word_1_51' title='bbox 205 1331 239 1376; x_wconf 93' lang='lat' dir='ltr'>se</span> <span class='ocrx_word' id='word_1_52' title='bbox 258 1309 435 1377; x_wconf 87' lang='lat' dir='ltr'>infandum</span> <span class='ocrx_word' id='word_1_53' title='bbox 449 1309 624 1378; x_wconf 87' lang='lat' dir='ltr'>admisisse</span> <span class='ocrx_word' id='word_1_54' title='bbox 642 1310 833 1396; x_wconf 90' lang='lat' dir='ltr'>confitetur,</span> <span class='ocrx_word' id='word_1_55' title='bbox 850 1310 908 1378; x_wconf 92' lang='lat' dir='ltr'>sed</span> <span class='ocrx_word' id='word_1_56' title='bbox 929 1312 1021 1399; x_wconf 92' lang='lat' dir='ltr'>quod</span> <span class='ocrx_word' id='word_1_57' title='bbox 1044 1334 1133 1380; x_wconf 91' lang='lat' dir='ltr'>unus</span> <span class='ocrx_word' id='word_1_58' title='bbox 1149 1312 1265 1379; x_wconf 90' lang='lat' dir='ltr'>Minos</span> 
     </span>
     <span class='ocr_line' id='line_1_9' title="bbox 205 1424 1264 1513; baseline 0.005 -23"><span class='ocrx_word' id='word_1_59' title='bbox 205 1424 445 1513; x_wconf 87' lang='lat' dir='ltr'>reprehendere</span> <span class='ocrx_word' id='word_1_60' title='bbox 477 1447 546 1493; x_wconf 93' lang='lat' dir='ltr'>non</span> <span class='ocrx_word' id='word_1_61' title='bbox 582 1425 729 1494; x_wconf 91' lang='lat' dir='ltr'>debuit:</span> <span class='ocrx_word' id='word_1_62' title='bbox 761 1447 841 1494; x_wconf 89' lang='lat' dir='ltr'>eum</span> <span class='ocrx_word' id='word_1_63' title='bbox 875 1426 966 1494; x_wconf 90' lang='lat' dir='ltr'>enim</span> <span class='ocrx_word' id='word_1_64' title='bbox 992 1426 1088 1495; x_wconf 90' lang='lat' dir='ltr'>unice</span> <span class='ocrx_word' id='word_1_65' title='bbox 1115 1427 1264 1512; x_wconf 88' lang='lat' dir='ltr'>amavit,</span> 
     </span>
     <span class='ocr_line' id='line_1_10' title="bbox 205 1536 1264 1631; baseline 0.005 -27"><span class='ocrx_word' id='word_1_66' title='bbox 205 1536 277 1604; x_wconf 91' lang='lat' dir='ltr'>eius</span> <span class='ocrx_word' id='word_1_67' title='bbox 297 1539 402 1628; x_wconf 90' lang='lat' dir='ltr'>gratia</span> <span class='ocrx_word' id='word_1_68' title='bbox 418 1539 533 1607; x_wconf 92' lang='lat' dir='ltr'>omnia</span> <span class='ocrx_word' id='word_1_69' title='bbox 548 1540 671 1627; x_wconf 89' lang='lat' dir='ltr'>amisit,</span> <span class='ocrx_word' id='word_1_70' title='bbox 698 1540 797 1609; x_wconf 91' lang='lat' dir='ltr'>abeo</span> <span class='ocrx_word' id='word_1_71' title='bbox 821 1540 904 1608; x_wconf 91' lang='lat' dir='ltr'>nihil</span> <span class='ocrx_word' id='word_1_72' title='bbox 926 1541 1036 1631; x_wconf 89' lang='lat' dir='ltr'>poscit</span> <span class='ocrx_word' id='word_1_73' title='bbox 1051 1541 1113 1608; x_wconf 91' lang='lat' dir='ltr'>nisi</span> <span class='ocrx_word' id='word_1_74' title='bbox 1134 1559 1169 1609; x_wconf 89' lang='lat' dir='ltr'>ut</span> <span class='ocrx_word' id='word_1_75' title='bbox 1184 1563 1264 1609; x_wconf 91' lang='lat' dir='ltr'>eum</span> 
     </span>
     <span class='ocr_line' id='line_1_11' title="bbox 204 1652 1262 1746; baseline 0.007 -27"><span class='ocrx_word' id='word_1_76' title='bbox 204 1652 267 1720; x_wconf 92' lang='lat' dir='ltr'>sibi</span> <span class='ocrx_word' id='word_1_77' title='bbox 289 1653 384 1721; x_wconf 90' lang='lat' dir='ltr'>liceat</span> <span class='ocrx_word' id='word_1_78' title='bbox 402 1654 526 1742; x_wconf 90' lang='lat' dir='ltr'>videre,</span> <span class='ocrx_word' id='word_1_79' title='bbox 547 1674 579 1723; x_wconf 91' lang='lat' dir='ltr'>et</span> <span class='ocrx_word' id='word_1_80' title='bbox 597 1655 715 1724; x_wconf 91' lang='lat' dir='ltr'>saltem</span> <span class='ocrx_word' id='word_1_81' title='bbox 740 1657 812 1725; x_wconf 89' lang='lat' dir='ltr'>eius</span> <span class='ocrx_word' id='word_1_82' title='bbox 836 1657 932 1725; x_wconf 88' lang='lat' dir='ltr'>uxori</span> <span class='ocrx_word' id='word_1_83' title='bbox 954 1658 1090 1726; x_wconf 90' lang='lat' dir='ltr'>servire.</span> <span class='ocrx_word' id='word_1_84' title='bbox 1121 1657 1262 1746; x_wconf 89' lang='lat' dir='ltr'>Quanto</span> 
     </span>
     <span class='ocr_line' id='line_1_12' title="bbox 203 1754 1263 1861; baseline 0.006 -26"><span class='ocrx_word' id='word_1_85' title='bbox 203 1767 353 1859; x_wconf 87' lang='lat' dir='ltr'>frigidius</span> <span class='ocrx_word' id='word_1_86' title='bbox 366 1771 458 1861; x_wconf 92' lang='lat' dir='ltr'>apud</span> <span class='ocrx_word' id='word_1_87' title='bbox 471 1768 635 1840; x_wconf 89' lang='lat' dir='ltr'>Ovidium</span> <span class='ocrx_word' id='word_1_88' title='bbox 649 1754 760 1860; x_wconf 90' lang='lat' dir='ltr'>puella</span> <span class='ocrx_word' id='word_1_89' title='bbox 773 1773 952 1841; x_wconf 90' lang='lat' dir='ltr'>artificiosa</span> <span class='ocrx_word' id='word_1_90' title='bbox 968 1776 1121 1841; x_wconf 91' lang='lat' dir='ltr'>oratione</span> <span class='ocrx_word' id='word_1_91' title='bbox 1142 1773 1263 1841; x_wconf 87' lang='lat' dir='ltr'>Minoa</span> 
     </span>
    </p>
   </div>
   <div class='ocr_carea' id='block_1_3' title="bbox 204 1890 1264 3280">
    <p class='ocr_par' dir='ltr' id='par_1_3' title="bbox 204 1890 1264 2446">
     <span class='ocr_line' id='line_1_13' title="bbox 205 1890 1263 1984; baseline 0.002 -26"><span class='ocrx_word' id='word_1_92' title='bbox 205 1890 405 1960; x_wconf 83' lang='lat' dir='ltr'>vociferatur</span> <span class='ocrx_word' id='word_1_93' title='bbox 423 1915 490 1961; x_wconf 93' lang='lat' dir='ltr'>non</span> <span class='ocrx_word' id='word_1_94' title='bbox 506 1913 613 1961; x_wconf 90' lang='lat' dir='ltr'>matre</span> <span class='ocrx_word' id='word_1_95' title='bbox 630 1894 767 1982; x_wconf 90' lang='lat' dir='ltr'>Europa</span> <span class='ocrx_word' id='word_1_96' title='bbox 781 1893 924 1984; x_wconf 89' lang='lat' dir='ltr'>dignum</span> <span class='ocrx_word' id='word_1_97' title='bbox 942 1916 1027 1979; x_wconf 91' lang='lat' dir='ltr'>esse,</span> <span class='ocrx_word' id='word_1_98' title='bbox 1044 1893 1103 1961; x_wconf 92' lang='lat' dir='ltr'>sed</span> <span class='ocrx_word' id='word_1_99' title='bbox 1122 1890 1263 1982; x_wconf 86' lang='lat' dir='ltr'>coniuge</span> 
     </span>
     <span class='ocr_line' id='line_1_14' title="bbox 207 2006 1264 2098; baseline 0 -24"><span class='ocrx_word' id='word_1_100' title='bbox 207 2006 388 2096; x_wconf 84' lang='lat' dir='ltr'>Pasiphae,</span> <span class='ocrx_word' id='word_1_101' title='bbox 415 2030 524 2097; x_wconf 91' lang='lat' dir='ltr'>neque</span> <span class='ocrx_word' id='word_1_102' title='bbox 549 2009 618 2077; x_wconf 92' lang='lat' dir='ltr'>ullo</span> <span class='ocrx_word' id='word_1_103' title='bbox 642 2031 741 2077; x_wconf 92' lang='lat' dir='ltr'>sensu</span> <span class='ocrx_word' id='word_1_104' title='bbox 764 2028 896 2098; x_wconf 87' lang='lat' dir='ltr'>praeter</span> <span class='ocrx_word' id='word_1_105' title='bbox 920 2010 1005 2076; x_wconf 90' lang='lat' dir='ltr'>iram</span> <span class='ocrx_word' id='word_1_106' title='bbox 1030 2026 1062 2076; x_wconf 92' lang='lat' dir='ltr'>et</span> <span class='ocrx_word' id='word_1_107' title='bbox 1086 2008 1203 2076; x_wconf 90' lang='lat' dir='ltr'>odium</span> <span class='ocrx_word' id='word_1_108' title='bbox 1229 2030 1264 2074; x_wconf 90' lang='lat' dir='ltr'>se</span> 
     </span>
     <span class='ocr_line' id='line_1_15' title="bbox 205 2120 1264 2212; baseline 0.001 -24"><span class='ocrx_word' id='word_1_109' title='bbox 205 2140 412 2190; x_wconf 89' lang='lat' dir='ltr'>commotam</span> <span class='ocrx_word' id='word_1_110' title='bbox 424 2124 588 2192; x_wconf 87' lang='lat' dir='ltr'>declarat!</span> <span class='ocrx_word' id='word_1_111' title='bbox 613 2124 719 2192; x_wconf 91' lang='lat' dir='ltr'>Haud</span> <span class='ocrx_word' id='word_1_112' title='bbox 730 2124 830 2192; x_wconf 92' lang='lat' dir='ltr'>dubie</span> <span class='ocrx_word' id='word_1_113' title='bbox 845 2124 908 2191; x_wconf 87' lang='lat' dir='ltr'>hoc</span> <span class='ocrx_word' id='word_1_114' title='bbox 927 2127 1002 2192; x_wconf 86' lang='lat' dir='ltr'>loco</span> <span class='ocrx_word' id='word_1_115' title='bbox 1017 2141 1132 2190; x_wconf 90' lang='lat' dir='ltr'>nostra</span> <span class='ocrx_word' id='word_1_116' title='bbox 1151 2120 1264 2212; x_wconf 89' lang='lat' dir='ltr'>Scylla</span> 
     </span>
     <span class='ocr_line' id='line_1_16' title="bbox 204 2235 1264 2330; baseline -0.001 -24"><span class='ocrx_word' id='word_1_117' title='bbox 204 2235 355 2328; x_wconf 89' lang='lat' dir='ltr'>Scyllam</span> <span class='ocrx_word' id='word_1_118' title='bbox 370 2238 472 2307; x_wconf 92' lang='lat' dir='ltr'>vincit</span> <span class='ocrx_word' id='word_1_119' title='bbox 487 2238 615 2326; x_wconf 91' lang='lat' dir='ltr'>Ovidii,</span> <span class='ocrx_word' id='word_1_120' title='bbox 631 2256 663 2307; x_wconf 87' lang='lat' dir='ltr'>et</span> <span class='ocrx_word' id='word_1_121' title='bbox 686 2239 808 2308; x_wconf 89' lang='lat' dir='ltr'>Catulli</span> <span class='ocrx_word' id='word_1_122' title='bbox 834 2240 945 2330; x_wconf 89' lang='lat' dir='ltr'>potius</span> <span class='ocrx_word' id='word_1_123' title='bbox 964 2239 1134 2309; x_wconf 85' lang='lat' dir='ltr'>Ariadnae</span> <span class='ocrx_word' id='word_1_124' title='bbox 1156 2239 1264 2330; x_wconf 86' lang='lat' dir='ltr'>proxi-</span> 
     </span>
     <span class='ocr_line' id='line_1_17' title="bbox 204 2354 903 2446; baseline 0 -27"><span class='ocrx_word' id='word_1_125' title='bbox 204 2374 263 2420; x_wconf 91' lang='lat' dir='ltr'>ma</span> <span class='ocrx_word' id='word_1_126' title='bbox 281 2354 331 2440; x_wconf 89' lang='lat' dir='ltr'>lit,</span> <span class='ocrx_word' id='word_1_127' title='bbox 347 2377 415 2422; x_wconf 93' lang='lat' dir='ltr'>non</span> <span class='ocrx_word' id='word_1_128' title='bbox 433 2356 533 2446; x_wconf 92' lang='lat' dir='ltr'>longo</span> <span class='ocrx_word' id='word_1_129' title='bbox 547 2355 699 2445; x_wconf 81' lang='lat' dir='ltr'>proxima</span> <span class='ocrx_word' id='word_1_130' title='bbox 715 2355 903 2422; x_wconf 90' lang='lat' dir='ltr'>intervallo.</span> 
     </span>
    </p>

    <p class='ocr_par' dir='ltr' id='par_1_4' title="bbox 205 2466 1264 3006">
     <span class='ocr_line' id='line_1_18' title="bbox 251 2466 1263 2561; baseline 0.004 -26"><span class='ocrx_word' id='word_1_131' title='bbox 251 2468 348 2537; x_wconf 88' lang='lat' dir='ltr'>Haec</span> <span class='ocrx_word' id='word_1_132' title='bbox 372 2487 404 2539; x_wconf 91' lang='lat' dir='ltr'>et</span> <span class='ocrx_word' id='word_1_133' title='bbox 421 2471 487 2538; x_wconf 91' lang='lat' dir='ltr'>alia</span> <span class='ocrx_word' id='word_1_134' title='bbox 506 2466 734 2561; x_wconf 82' lang='lat' dir='ltr'>composuisse</span> <span class='ocrx_word' id='word_1_135' title='bbox 760 2469 846 2538; x_wconf 90' lang='lat' dir='ltr'>Ciris</span> <span class='ocrx_word' id='word_1_136' title='bbox 870 2488 1055 2557; x_wconf 85' lang='lat' dir='ltr'>auctorem,</span> <span class='ocrx_word' id='word_1_137' title='bbox 1077 2471 1200 2560; x_wconf 90' lang='lat' dir='ltr'>quibus</span> <span class='ocrx_word' id='word_1_138' title='bbox 1216 2471 1263 2539; x_wconf 89' lang='lat' dir='ltr'>le-</span> 
     </span>
     <span class='ocr_line' id='line_1_19' title="bbox 205 2587 1263 2676; baseline 0.002 -25"><span class='ocrx_word' id='word_1_139' title='bbox 205 2601 320 2673; x_wconf 85' lang='lat' dir='ltr'>gentes</span> <span class='ocrx_word' id='word_1_140' title='bbox 331 2587 543 2654; x_wconf 92' lang='lat' dir='ltr'>vehementer</span> <span class='ocrx_word' id='word_1_141' title='bbox 553 2605 843 2671; x_wconf 85' lang='lat' dir='ltr'>commoveantur,</span> <span class='ocrx_word' id='word_1_142' title='bbox 857 2587 938 2675; x_wconf 91' lang='lat' dir='ltr'>quid</span> <span class='ocrx_word' id='word_1_143' title='bbox 952 2588 1075 2655; x_wconf 87' lang='lat' dir='ltr'>mirum</span> <span class='ocrx_word' id='word_1_144' title='bbox 1088 2609 1165 2655; x_wconf 90' lang='lat' dir='ltr'>cum</span> <span class='ocrx_word' id='word_1_145' title='bbox 1180 2587 1263 2676; x_wconf 90' lang='lat' dir='ltr'>ipse,</span> 
     </span>
     <span class='ocr_line' id='line_1_20' title="bbox 205 2703 1264 2796; baseline 0.003 -28"><span class='ocrx_word' id='word_1_146' title='bbox 205 2721 320 2770; x_wconf 91' lang='lat' dir='ltr'>tenero</span> <span class='ocrx_word' id='word_1_147' title='bbox 334 2719 366 2771; x_wconf 87' lang='lat' dir='ltr'>et</span> <span class='ocrx_word' id='word_1_148' title='bbox 385 2704 479 2772; x_wconf 91' lang='lat' dir='ltr'>molli</span> <span class='ocrx_word' id='word_1_149' title='bbox 498 2704 612 2772; x_wconf 92' lang='lat' dir='ltr'>animo</span> <span class='ocrx_word' id='word_1_150' title='bbox 636 2705 821 2795; x_wconf 76' lang='lat' dir='ltr'>praedituS,</span> <span class='ocrx_word' id='word_1_151' title='bbox 843 2728 1007 2774; x_wconf 86' lang='lat' dir='ltr'>aerumna</span> <span class='ocrx_word' id='word_1_152' title='bbox 1024 2727 1106 2772; x_wconf 91' lang='lat' dir='ltr'>suae</span> <span class='ocrx_word' id='word_1_153' title='bbox 1132 2703 1264 2796; x_wconf 88' lang='lat' dir='ltr'>Scyllae</span> 
     </span>
     <span class='ocr_line' id='line_1_21' title="bbox 206 2817 1263 2912; baseline 0.003 -29"><span class='ocrx_word' id='word_1_154' title='bbox 206 2817 292 2884; x_wconf 87' lang='lat' dir='ltr'>affici</span> <span class='ocrx_word' id='word_1_155' title='bbox 308 2817 472 2907; x_wconf 88' lang='lat' dir='ltr'>videatur,</span> <span class='ocrx_word' id='word_1_156' title='bbox 485 2840 523 2888; x_wconf 91' lang='lat' dir='ltr'>ut</span> <span class='ocrx_word' id='word_1_157' title='bbox 544 2843 583 2888; x_wconf 86' lang='lat' dir='ltr'>ex</span> <span class='ocrx_word' id='word_1_158' title='bbox 603 2821 653 2888; x_wconf 93' lang='lat' dir='ltr'>his</span> <span class='ocrx_word' id='word_1_159' title='bbox 667 2839 820 2912; x_wconf 90' lang='lat' dir='ltr'>apparet,</span> <span class='ocrx_word' id='word_1_160' title='bbox 837 2844 923 2911; x_wconf 90' lang='lat' dir='ltr'>quae</span> <span class='ocrx_word' id='word_1_161' title='bbox 939 2822 1083 2890; x_wconf 90' lang='lat' dir='ltr'>narratis</span> <span class='ocrx_word' id='word_1_162' title='bbox 1097 2821 1196 2889; x_wconf 89' lang='lat' dir='ltr'>rebus</span> <span class='ocrx_word' id='word_1_163' title='bbox 1211 2821 1263 2887; x_wconf 88' lang='lat' dir='ltr'>in-</span> 
     </span>
     <span class='ocr_line' id='line_1_22' title="bbox 206 2919 423 3006; baseline 0.018 -4"><span class='ocrx_word' id='word_1_164' title='bbox 206 2934 392 3006; x_wconf 87' lang='lat' dir='ltr'>termiscuit</span> <span class='ocrx_word' id='word_1_165' title='bbox 410 2919 423 3006; x_wconf 69' lang='grc' dir='ltr'><em>ἶ</em></span> 
     </span>
    </p>

    <p class='ocr_par' dir='ltr' id='par_1_5' title="bbox 361 3095 1045 3280">
     <span class='ocr_line' id='line_1_23' title="bbox 361 3095 996 3192; baseline 0.002 -20"><span class='ocrx_word' id='word_1_166' title='bbox 361 3123 454 3174; x_wconf 87' lang='lat' dir='ltr'>lnlelix</span> <span class='ocrx_word' id='word_1_167' title='bbox 469 3124 561 3190; x_wconf 86' lang='lat' dir='ltr'>virgo!</span> <span class='ocrx_word' id='word_1_168' title='bbox 578 3095 732 3192; x_wconf 18' lang='lat' dir='ltr'>quid-enim</span> <span class='ocrx_word' id='word_1_169' title='bbox 748 3125 920 3175; x_wconf 86' lang='lat' dir='ltr'>commiserat</span> <span class='ocrx_word' id='word_1_170' title='bbox 935 3124 996 3173; x_wconf 89' lang='lat' dir='ltr'>illa!</span> 
     </span>
     <span class='ocr_line' id='line_1_24' title="bbox 930 3215 1045 3280; baseline 0.026 -3"><span class='ocrx_word' id='word_1_171' title='bbox 930 3215 971 3276; x_wconf 84' lang='lat' dir='ltr'>tV·</span> <span class='ocrx_word' id='word_1_172' title='bbox 990 3217 1045 3280; x_wconf 71' lang='lat' dir='ltr'>nl</span> 
     </span>
    </p>
   </div>
   <div class='ocr_carea' id='block_1_4' title="bbox 361 3305 991 3461">
    <p class='ocr_par' dir='ltr' id='par_1_6' title="bbox 361 3305 991 3461">
     <span class='ocr_line' id='line_1_25' title="bbox 424 3305 804 3372; baseline 0.003 -18"><span class='ocrx_word' id='word_1_173' title='bbox 424 3305 502 3364; x_wconf 92' lang='lat' dir='ltr'>Quod</span> <span class='ocrx_word' id='word_1_174' title='bbox 518 3307 556 3355; x_wconf 87' lang='lat' dir='ltr'>uti</span> <span class='ocrx_word' id='word_1_175' title='bbox 573 3322 605 3356; x_wconf 93' lang='lat' dir='ltr'>ne</span> <span class='ocrx_word' id='word_1_176' title='bbox 622 3306 727 3372; x_wconf 91' lang='lat' dir='ltr'>prodita</span> <span class='ocrx_word' id='word_1_177' title='bbox 741 3306 804 3355; x_wconf 92' lang='lat' dir='ltr'>ludo</span> 
     </span>
     <span class='ocr_line' id='line_1_26' title="bbox 361 3394 991 3461; baseline 0.003 -20"><span class='ocrx_word' id='word_1_178' title='bbox 361 3394 486 3443; x_wconf 71' lang='lat' dir='ltr'>Auratam</span> <span class='ocrx_word' id='word_1_179' title='bbox 505 3395 595 3460; x_wconf 86' lang='lat' dir='ltr'>gracili</span> <span class='ocrx_word' id='word_1_180' title='bbox 613 3396 738 3445; x_wconf 83' lang='lat' dir='ltr'>solvisaes</span> <span class='ocrx_word' id='word_1_181' title='bbox 751 3410 861 3459; x_wconf 87' lang='lat' dir='ltr'>corpore</span> <span class='ocrx_word' id='word_1_182' title='bbox 877 3395 991 3461; x_wconf 85' lang='lat' dir='ltr'>pallam!</span> 
     </span>
    </p>
   </div>
   <div class='ocr_carea' id='block_1_5' title="bbox 866 3484 1004 3550">
    <p class='ocr_par' dir='ltr' id='par_1_7' title="bbox 866 3484 1004 3550">
     <span class='ocr_line' id='line_1_27' title="bbox 866 3484 1004 3550; baseline 0.007 -1"><span class='ocrx_word' id='word_1_183' title='bbox 866 3486 909 3549; x_wconf 90' lang='lat' dir='ltr'>(V.</span> <span class='ocrx_word' id='word_1_184' title='bbox 932 3484 1004 3550; x_wconf 75' lang='grc' dir='ltr'>ι5(&gt;·)</span> 
     </span>
    </p>
   </div>
   <div class='ocr_carea' id='block_1_6' title="bbox 359 3599 1075 3756">
    <p class='ocr_par' dir='ltr' id='par_1_8' title="bbox 359 3599 1075 3756">
     <span class='ocr_line' id='line_1_28' title="bbox 360 3599 1075 3669; baseline 0.003 -21"><span class='ocrx_word' id='word_1_185' title='bbox 360 3599 420 3649; x_wconf 87' lang='lat' dir='ltr'>Sive</span> <span class='ocrx_word' id='word_1_186' title='bbox 437 3601 481 3650; x_wconf 90' lang='lat' dir='ltr'>illa</span> <span class='ocrx_word' id='word_1_187' title='bbox 496 3601 624 3666; x_wconf 87' lang='lat' dir='ltr'>ignorans</span> <span class='ocrx_word' id='word_1_188' title='bbox 638 3602 706 3669; x_wconf 86' lang='lat' dir='ltr'>(quis</span> <span class='ocrx_word' id='word_1_189' title='bbox 723 3618 778 3652; x_wconf 93' lang='lat' dir='ltr'>non</span> <span class='ocrx_word' id='word_1_190' title='bbox 794 3602 881 3651; x_wconf 88' lang='lat' dir='ltr'>bonus</span> <span class='ocrx_word' id='word_1_191' title='bbox 896 3603 987 3652; x_wconf 88' lang='lat' dir='ltr'>omnia</span> <span class='ocrx_word' id='word_1_192' title='bbox 999 3601 1075 3651; x_wconf 89' lang='lat' dir='ltr'>malit</span> 
     </span>
     <span class='ocr_line' id='line_1_29' title="bbox 359 3689 1067 3756; baseline -0.001 -17"><span class='ocrx_word' id='word_1_193' title='bbox 359 3689 473 3740; x_wconf 87' lang='lat' dir='ltr'>Credere</span> <span class='ocrx_word' id='word_1_194' title='bbox 489 3705 570 3756; x_wconf 88' lang='lat' dir='ltr'>quam</span> <span class='ocrx_word' id='word_1_195' title='bbox 587 3691 652 3740; x_wconf 89' lang='lat' dir='ltr'>tanti</span> <span class='ocrx_word' id='word_1_196' title='bbox 665 3691 771 3741; x_wconf 90' lang='lat' dir='ltr'>sceleris</span> <span class='ocrx_word' id='word_1_197' title='bbox 784 3691 911 3740; x_wconf 86' lang='lat' dir='ltr'>damnare</span> <span class='ocrx_word' id='word_1_198' title='bbox 924 3690 1039 3756; x_wconf 88' lang='lat' dir='ltr'>puellam</span> <span class='ocrx_word' id='word_1_199' title='bbox 1052 3699 1067 3748; x_wconf 71' lang='lat' dir='ltr'>r)</span> 
     </span>
    </p>
   </div>
   <div class='ocr_carea' id='block_1_7' title="bbox 1026 3779 1161 3838">
    <p class='ocr_par' dir='ltr' id='par_1_9' title="bbox 1026 3779 1161 3838">
     <span class='ocr_line' id='line_1_30' title="bbox 1026 3779 1161 3838; baseline -0.007 -8"><span class='ocrx_word' id='word_1_200' title='bbox 1026 3781 1066 3837; x_wconf 83' lang='lat' dir='ltr'>tV.</span> <span class='ocrx_word' id='word_1_201' title='bbox 1089 3779 1161 3838; x_wconf 74' lang='lat'>138.)</span> 
     </span>
    </p>
   </div>
   <div class='ocr_carea' id='block_1_8' title="bbox 206 3949 1282 4391">
    <p class='ocr_par' dir='ltr' id='par_1_10' title="bbox 206 3949 1282 4391">
     <span class='ocr_line' id='line_1_31' title="bbox 252 3949 1268 4040; baseline 0.001 -21"><span class='ocrx_word' id='word_1_202' title='bbox 252 3950 341 4019; x_wconf 92' lang='lat' dir='ltr'>Illud</span> <span class='ocrx_word' id='word_1_203' title='bbox 360 3972 495 4040; x_wconf 92' lang='lat' dir='ltr'>quoque</span> <span class='ocrx_word' id='word_1_204' title='bbox 514 3949 549 4017; x_wconf 93' lang='lat' dir='ltr'>in</span> <span class='ocrx_word' id='word_1_205' title='bbox 568 3972 608 4019; x_wconf 94' lang='lat' dir='ltr'>eo</span> <span class='ocrx_word' id='word_1_206' title='bbox 626 3972 689 4018; x_wconf 89' lang='lat' dir='ltr'>nos</span> <span class='ocrx_word' id='word_1_207' title='bbox 705 3951 861 4037; x_wconf 88' lang='lat' dir='ltr'>delectat,</span> <span class='ocrx_word' id='word_1_208' title='bbox 880 3951 972 4039; x_wconf 91' lang='lat' dir='ltr'>quod</span> <span class='ocrx_word' id='word_1_209' title='bbox 988 3950 1185 4038; x_wconf 87' lang='lat' dir='ltr'>identidem,</span> <span class='ocrx_word' id='word_1_210' title='bbox 1206 3952 1268 4021; x_wconf 91' lang='lat' dir='ltr'>etsi</span> 
     </span>
     <span class='ocr_line' id='line_1_32' title="bbox 206 4065 1277 4158; baseline 0.001 -24"><span class='ocrx_word' id='word_1_211' title='bbox 206 4065 275 4136; x_wconf 86' lang='lat' dir='ltr'>lere</span> <span class='ocrx_word' id='word_1_212' title='bbox 297 4083 409 4135; x_wconf 91' lang='lat' dir='ltr'>totum</span> <span class='ocrx_word' id='word_1_213' title='bbox 433 4089 519 4157; x_wconf 92' lang='lat' dir='ltr'>opus</span> <span class='ocrx_word' id='word_1_214' title='bbox 540 4083 673 4135; x_wconf 91' lang='lat' dir='ltr'>constat</span> <span class='ocrx_word' id='word_1_215' title='bbox 697 4089 738 4134; x_wconf 82' lang='lat' dir='ltr'>ex</span> <span class='ocrx_word' id='word_1_216' title='bbox 762 4065 963 4152; x_wconf 89' lang='lat' dir='ltr'>imitatione,</span> <span class='ocrx_word' id='word_1_217' title='bbox 978 4084 1137 4135; x_wconf 88' lang='lat' dir='ltr'>naturam</span> <span class='ocrx_word' id='word_1_218' title='bbox 1152 4089 1277 4158; x_wconf 66' lang='lat' dir='ltr'>retum</span> 
     </span>
     <span class='ocr_line' id='line_1_33' title="bbox 207 4182 1268 4274; baseline 0.001 -22"><span class='ocrx_word' id='word_1_219' title='bbox 207 4200 348 4252; x_wconf 88' lang='lat' dir='ltr'>conatur</span> <span class='ocrx_word' id='word_1_220' title='bbox 365 4184 550 4274; x_wconf 86' lang='lat' dir='ltr'>exprimere</span> <span class='ocrx_word' id='word_1_221' title='bbox 569 4200 601 4252; x_wconf 94' lang='lat' dir='ltr'>et</span> <span class='ocrx_word' id='word_1_222' title='bbox 615 4182 821 4252; x_wconf 89' lang='lat' dir='ltr'>carminibus</span> <span class='ocrx_word' id='word_1_223' title='bbox 840 4183 983 4251; x_wconf 89' lang='lat' dir='ltr'>ornandi</span> <span class='ocrx_word' id='word_1_224' title='bbox 998 4205 1098 4251; x_wconf 90' lang='lat' dir='ltr'>causa</span> <span class='ocrx_word' id='word_1_225' title='bbox 1113 4206 1166 4252; x_wconf 89' lang='lat' dir='ltr'>res</span> <span class='ocrx_word' id='word_1_226' title='bbox 1182 4185 1268 4254; x_wconf 92' lang='lat' dir='ltr'>inse-</span> 
     </span>
     <span class='ocr_line' id='line_1_34' title="bbox 208 4298 1282 4391; baseline 0 -21"><span class='ocrx_word' id='word_1_227' title='bbox 208 4322 293 4388; x_wconf 92' lang='lat' dir='ltr'>rere,</span> <span class='ocrx_word' id='word_1_228' title='bbox 307 4323 392 4390; x_wconf 89' lang='lat' dir='ltr'>quas</span> <span class='ocrx_word' id='word_1_229' title='bbox 411 4301 480 4391; x_wconf 85' lang='lat' dir='ltr'>ipse</span> <span class='ocrx_word' id='word_1_230' title='bbox 495 4300 575 4369; x_wconf 92' lang='lat' dir='ltr'>vidit</span> <span class='ocrx_word' id='word_1_231' title='bbox 590 4318 623 4368; x_wconf 89' lang='lat' dir='ltr'>et</span> <span class='ocrx_word' id='word_1_232' title='bbox 636 4298 845 4385; x_wconf 69' lang='lat' dir='ltr'>observavit,</span> <span class='ocrx_word' id='word_1_233' title='bbox 871 4317 908 4368; x_wconf 91' lang='lat' dir='ltr'>ut</span> <span class='ocrx_word' id='word_1_234' title='bbox 924 4321 1002 4367; x_wconf 92' lang='lat' dir='ltr'>cum</span> <span class='ocrx_word' id='word_1_235' title='bbox 1019 4299 1193 4369; x_wconf 88' lang='lat' dir='ltr'>Minervae</span> <span class='ocrx_word' id='word_1_236' title='bbox 1207 4324 1282 4390; x_wconf 92' lang='lat' dir='ltr'>pe-·</span> 
     </span>
    </p>
   </div>
   <div class='ocr_carea' id='block_1_9' title="bbox 0 0 1574 5072">
    <p class='ocr_par' dir='ltr' id='par_1_11' title="bbox 0 0 1574 5072">
     <span class='ocr_line' id='line_1_35' title="bbox 0 0 1574 5072; baseline 0 0"><span class='ocrx_word' id='word_1_237' title='bbox 0 0 1574 5072; x_wconf 95' lang='lat' dir='ltr'> </span> 
     </span>
    </p>
   </div>
  </div>
 </body>
</html>
