3140 5072
785 501 969 552 APPENDIX

471 621 525 670 Vos
541 637 558 670 ο
571 621 670 672 crudeli
686 621 802 674 fatorum
819 625 884 690 lege,
900 626 1003 690 puellae

469 709 619 770 Dauliades,
632 710 743 775 gaudete
758 728 764 761 :
777 713 850 762 venit
863 713 1002 763 carissima
1017 714 1093 764 vobis

468 798 603 861 Cognatos
617 812 718 863 augens
731 815 807 866 reges
823 817 1020 869 numerumque
1035 818 1146 853 suorum

468 885 539 936 Ciris
551 886 643 951 etipse
657 897 738 953 pater.
755 891 816 948 Vos,
833 908 849 941 o
864 892 1044 957 pulcherrima
1059 893 1194 956 quondam

466 975 594 1040 Corpora,
609 979 742 1029 caeruleas
760 981 916 1045 praevertite
927 982 955 1031 in
969 981 1076 1032 aethera
1091 982 1186 1043 nubes,

468 1064 526 1124 Qua
541 1080 627 1114 novus
638 1066 670 1116 ad
683 1083 811 1133 superum
823 1070 899 1120 sedes
911 1070 1057 1120 haliaeetus
1072 1080 1098 1120 et
1111 1086 1164 1135 qua

466 1155 586 1205 Candida
599 1168 740 1207 concessos
754 1159 877 1209 ascendat
892 1158 956 1209 ciris
971 1159 1099 1209 honores.

496 1245 605 1309 Iamque
619 1248 684 1298 adeo
698 1250 768 1300 dulci
783 1252 922 1302 devinctus
935 1252 1039 1302 lumina
1055 1267 1153 1304 somno

464 1335 547 1385 Nisus
562 1349 625 1399 erat,
637 1338 805 1407 vigilumque
819 1342 912 1406 procul
925 1341 1045 1392 custodia
1062 1342 1159 1408 primis

463 1425 597 1476 Excubiae
613 1424 716 1476 foribus
730 1427 819 1477 studio
835 1427 945 1477 iactabat
960 1427 1033 1478 inani
1050 1445 1057 1478 ε

464 1515 534 1564 Cum
550 1513 642 1565 lurtim
654 1515 734 1565 tacito
748 1516 910 1566 descendens
922 1517 1010 1582 Scylla
1022 1518 1104 1568 cubili

462 1605 579 1656 Auribus
595 1605 703 1655 arrectis
715 1616 844 1656 nocturna
857 1605 964 1656 silentia
977 1614 1090 1671 temptat

461 1693 497 1743 Et
512 1692 611 1759 pressis
626 1702 733 1742 tenuem
750 1694 913 1760 singultibus
927 1708 986 1744 aera
1002 1703 1095 1759 captat.

460 1783 532 1833 Tum
546 1798 676 1848 suspensa
688 1783 779 1833 levans
790 1782 882 1848 digitis
898 1783 1010 1848 vestigia
1022 1783 1118 1848 primis

461 1873 601 1938 Egreditur
616 1871 740 1939 ferroque
754 1886 850 1922 manus
865 1882 967 1923 armata
983 1871 1086 1922 bidenti

458 1962 568 2024 Evolat3
585 1970 612 2011 at
625 1961 747 2026 demptae
761 1961 850 2011 subita
865 1961 894 2010 in
909 1961 1056 2012 formidine
1072 1961 1142 2013 vires
1159 1979 1165 2012 ε

458 2052 598 2102 Caeruleas
612 2066 660 2100 sua
672 2051 742 2101 furta
751 2051 824 2115 prius
838 2060 950 2101 testatur
966 2051 997 2101 ad
1013 2053 1133 2103 umbras.

458 2141 526 2190 Nam
544 2155 596 2206 qua
610 2155 639 2190 se
650 2139 682 2190 ad
697 2139 812 2206 patrium
828 2139 954 2190 tendebat
968 2141 1063 2190 semita
1082 2142 1163 2192 limen
1168 2180 1175 2205 ,

456 2229 596 2279 Vestibulo
613 2229 640 2278 in
653 2228 764 2279 thalami
780 2229 891 2294 paulum
904 2239 1053 2279 remoratur
1068 2239 1094 2280 et
1109 2230 1160 2280 alte

455 2317 571 2382 Suspicit
585 2318 616 2367 ad
634 2317 697 2367 caeli
713 2317 842 2367 nictantia
859 2318 955 2379 sidera,
968 2318 1050 2368 multa

455 2407 515 2456 Non
528 2414 633 2470 accepta
649 2404 700 2470 piis
716 2406 877 2470 promittens
893 2420 1004 2454 munera
1015 2405 1097 2455 divis.

484 2495 571 2554 Quam
586 2493 667 2543 simul
679 2492 776 2558 Ogygii
796 2493 937 2543 Phoenicis
952 2492 1007 2543 tilia
1024 2493 1120 2543 Carme

454 2584 568 2648 Surgere
580 2581 664 2632 sensit
678 2597 745 2631 anus
760 2582 891 2644 (sonitum
909 2598 970 2632 nam
990 2583 1086 2634 lecerat
1104 2584 1142 2634 illi

453 2673 603 2722 Marmoreo
615 2681 720 2720 aeratus
738 2669 853 2720 stridens
866 2669 893 2718 in
909 2669 1005 2720 limine
1019 2671 1119 2736 cardo),

452 2760 572 2825 Corripit
582 2759 716 2824 extemplo
733 2759 830 2808 fessam
845 2760 975 2824 languore
990 2761 1105 2825 puellam

452 2852 485 2902 Et
499 2850 582 2901 simul
593 2861 619 2898 ‘o
633 2849 711 2899 nobis
723 2863 827 2898 sacrum
840 2859 927 2914 caput³
942 2849 1031 2916 inquit
1045 2851 1172 2910 ‘alumna

451 2941 513 2991 Non
526 2939 576 2990 tibi
592 2938 772 3006 nequicquam
787 2939 882 2989 viridis
898 2954 944 3004 per
958 2939 1058 2990 viscera
1074 2941 1159 3005 pallor

452 3036 582 3100 Aegrotas
597 3031 671 3081 tenui
687 3029 797 3079 suffudit
813 3029 943 3094 sanguine
959 3045 1041 3080 venas

452 3123 505 3174 Nec
520 3121 588 3172 levis
599 3120 651 3170 hoc
665 3119 763 3169 faceres
774 3119 874 3182 (neque
888 3118 960 3167 enim
976 3123 1048 3183 pote)
1065 3134 1127 3169 cura
1140 3119 1255 3186 subegit.

450 3211 527 3262 Haud
542 3209 623 3260 fallor
637 3209 721 3274 (quod
738 3218 796 3258 uta
814 3208 913 3273 potius,
929 3209 1109 3266 Rhamnusia,
1123 3208 1208 3270 fallar)
1225 3226 1230 3256 :

449 3301 518 3350 Nam
531 3314 584 3365 qua
601 3311 627 3350 te
641 3315 720 3350 causa
737 3315 784 3350 nec
801 3299 888 3349 dulcis
905 3300 1000 3363 pocula
1016 3299 1111 3350 Bacchi

447 3390 500 3440 Nec
514 3388 640 3455 gravidos
655 3389 757 3439 Cereris
770 3389 859 3438 dicam
874 3389 1030 3453 contingere
1044 3387 1124 3446 fetus,

450 3478 509 3538 Qua
525 3493 604 3529 causa
618 3479 649 3528 ad
663 3478 776 3544 patrium
794 3479 877 3527 solam
892 3478 1003 3542 vigilare
1016 3477 1116 3536 cubile,

447 3569 582 3634 Tempore
597 3583 651 3634 quo
665 3565 747 3617 fessas
761 3566 882 3617 mortalia
900 3577 1005 3630 pectora
1020 3580 1106 3625 curas,

450 3659 511 3718 Quo
524 3657 632 3723 rapidos
646 3655 727 3706 etiarn
742 3655 915 3719 requiescunt
928 3653 1042 3703 flumina
1056 3653 1168 3704 cursus?

449 3749 497 3799 Dic
511 3763 559 3812 age
574 3762 646 3796 nunc
661 3745 774 3795 miserae
789 3746 893 3803 saltem,
907 3744 980 3809 quod
995 3758 1073 3808 saepe
1088 3740 1188 3809 petenti

449 3837 556 3888 lurabas
571 3835 641 3885 nihil
658 3849 716 3884 esse
731 3833 809 3892 mihi,
827 3849 874 3884 cur
886 3843 985 3882 maesta
1001 3831 1120 3898 parentis

449 3927 594 3984 Formosos
608 3925 709 3973 circum
722 3923 799 3988 virgo
813 3937 946 3972 remorere
958 3920 1083 3987 capillos?

446 4013 496 4064 Hei
511 4013 590 4075 mihi,
606 4027 639 4062 ne
656 4011 731 4062 furor
744 4011 789 4060 ille
805 4021 866 4060 tuos
880 4009 1006 4060 invaserit
1019 4019 1105 4067 artus,

446 4105 493 4155 llle
506 4103 608 4154 Arabae
626 4103 748 4169 Myrrhae
762 4102 900 4168 quondam
915 4099 961 4166 qui
975 4099 1044 4165 cepit
1058 4098 1170 4158 ocellos,

444 4196 480 4246 Ut
493 4195 590 4246 scelere
601 4191 710 4241 infando
725 4193 804 4256 (quod
821 4206 854 4240 ne
868 4189 940 4240 sinat
952 4189 1092 4248 Adrastea)

444 4283 558 4334 Laedere
573 4289 719 4344 utrumque
732 4295 788 4330 uno
802 4280 909 4329 studeas
925 4292 1014 4328 errore
1026 4275 1175 4341 parentem!

444 4374 522 4434 Quod
538 4375 561 4425 si
576 4373 628 4424 alio
641 4373 738 4438 quovis
751 4372 835 4424 animi
848 4372 952 4421 iactaris
966 4387 1058 4422 amore
