3134 5082
295 1449 389 1544 Quid
426 1451 522 1520 Ciris
551 1462 676 1521 auctor
701 1450 842 1542 graecu
866 1449 1003 1532 litteris,
1032 1451 1182 1546 quidque
1208 1452 1349 1524 Catullo

733 1573 902 1646 debuerit.

339 2012 419 2104 Ipso
444 2011 579 2102 quidem
607 2026 820 2102 argumento,
847 2027 879 2078 et
899 2031 940 2078 eo
965 2010 1057 2099 quod
1079 2009 1215 2080 scientia
1238 2033 1352 2081 rerum

293 2129 510 2220 pristinarum
540 2149 618 2196 cum
652 2145 770 2218 arguta
800 2127 951 2217 quadam
979 2144 1049 2195 arte
1078 2126 1180 2196 animi
1214 2129 1351 2199 affectus

292 2243 497 2334 exprimendi
517 2243 562 2312 ita
579 2241 833 2329 coniunctam,
851 2259 889 2310 ut
909 2241 994 2333 epici
1015 2241 1173 2311 carminis
1194 2242 1296 2312 simul
1320 2262 1353 2314 et
1394 2223 1395 2226 Ἴ

291 2358 408 2450 tragici
425 2357 583 2449 lyricique
596 2357 719 2449 opibus
730 2373 828 2448 poeta
843 2379 923 2424 usus
932 2379 1004 2426 esse
1014 2356 1179 2445 videatur,
1196 2357 1291 2428 Cirin
1307 2360 1350 2429 ab

291 2475 521 2545 Alexandrina
531 2474 657 2565 origine
672 2490 780 2543 ortam
792 2495 863 2544 esse
874 2490 1026 2565 apparet.
1045 2472 1142 2562 Quos
1154 2497 1234 2544 vero
1245 2475 1352 2544 maxi·

293 2615 347 2663 me
365 2592 451 2661 inter
462 2613 598 2683 graecos
613 2608 765 2661 auctores
782 2607 914 2660 secutus
928 2591 980 2669 sit,
994 2591 1104 2660 minus
1119 2590 1232 2681 liquet.
1250 2590 1352 2660 Calli·

292 2705 569 2794 machumenim
597 2706 632 2775 in
660 2707 765 2781 Αἰτίοις
795 2705 947 2775 fabulam
981 2705 1125 2775 eandem
1160 2708 1352 2778 tractavisse

293 2843 355 2890 nec
368 2837 459 2890 certo
472 2843 512 2889 ex
526 2819 629 2889 nobili
646 2819 812 2889 Martialis
823 2821 897 2888 loco
906 2821 1062 2890 concludi
1077 2838 1185 2912 potest
1203 2830 1227 2910 ¹,
1245 2845 1352 2916 neque

250 2923 253 2928 Δ
293 2937 398 3029 ipsius
422 2936 611 3028 fragmenta
634 2935 713 3005 satis
739 2936 940 3006 confirmant
960 2947 988 3007 ².
1011 2937 1166 3006 Profecto
1188 2956 1219 3007 et
1235 2939 1308 3010 aliis
1331 2963 1353 3010 a

293 3053 399 3146 poetis
421 3069 561 3122 tractata
583 3069 632 3121 est
651 3053 788 3144 vulgata
806 3053 862 3122 illa
886 3053 1016 3140 fabula,
1040 3076 1145 3143 quam
1166 3072 1283 3145 postea
1303 3079 1352 3126 re·

291 3175 395 3244 latam
409 3172 599 3242 invenimus
620 3175 710 3265 apud
726 3173 793 3243 fere
815 3195 935 3242 omnes
953 3193 1010 3240 eos
1024 3170 1082 3261 qui
1099 3171 1140 3240 de
1153 3172 1253 3241 rebus
1268 3173 1352 3246 anti-

290 3290 366 3378 quis
392 3288 608 3380 scripserunt‚
630 3310 750 3380 nempe
769 3289 860 3380 apud
873 3287 1138 3379 Apollodorum,
1155 3287 1351 3381 Hyginum,

291 3404 512 3491 Pausaniam,
531 3404 708 3496 Hippolyti
726 3404 895 3496 Euripidis
909 3401 1133 3474 Scholiastam
1148 3407 1190 3493 (v.
1212 3408 1312 3500 1200)
1326 3403 1350 3479 ³.

323 3657 345 3694 1.
445 3641 497 3701 Qui
508 3630 580 3708 'legis
593 3641 761 3707 Oedipodem
776 3642 990 3708 caligantemque
1004 3641 1141 3707 Thyesten

506 3728 649 3780 Colchidas
663 3739 688 3780 et
702 3729 812 3796 Scyllas,
828 3728 894 3795 quid
910 3729 961 3780 nisi
977 3738 1098 3780 monstra
1112 3729 1199 3796 legis?

723 3854 793 3872 .......
809 3821 881 3886 legas
895 3825 961 3869 αἴτια
976 3820 1148 3872 Callimachi.

918 3931 920 3936 v
939 3911 1035 3975 (Mart,
1047 3909 1144 3976 Epig..
1164 3912 1198 3973 X,
1215 3917 1261 3977 4.)¹

317 4043 342 4078 2.
355 4028 449 4076 Σκύλλα
464 4035 522 4090 γυνὴ
536 4033 655 4076 aurarum
667 4033 706 4076 καὶ
718 4027 745 4076 οὐ
760 4029 830 4090 ψύθος
843 4027 923 4088 οὔνομ’
938 4030 1033 4090 inaura.
1048 4027 1117 4080 Call.
1130 4027 1175 4093 fr„
1188 4029 1351 4083 CLXXXIV.

284 4120 333 4171 Ed.
350 4118 500 4184 Blomfield‚
516 4121 602 4171 Lond.
618 4119 798 4172 MDCCCXV.

316 4208 340 4260 3.
355 4208 444 4275 Apol,
456 4208 498 4267 111,
521 4209 559 4267 15,
570 4209 597 4260 8.
612 4209 660 4260 Ed.
672 4209 773 4276 Heyne,
788 4207 938 4274 Gottingae,
956 4208 1033 4261 1803.
1049 4209 1152 4278 Hygini
1168 4209 1275 4260 tabulae
1292 4208 1354 4274 tq8,

282 4298 330 4349 ubi
344 4297 432 4363 Scylla
450 4297 479 4347 in
500 4298 600 4364 piscem
617 4297 685 4349 cirin
699 4307 831 4348 mutatam
847 4297 974 4363 legimus.
992 4297 1040 4349 Ed.
1067 4297 1185 4350 Scheffer
1206 4309 1233 4351 et
1254 4301 1354 4350 Mune·

282 4389 355 4449 cher,
367 4387 514 4455 Hamburg,
528 4387 604 4454 1674.
620 4387 772 4451 Pausanias,
787 4387 806 4446 l,
822 4402 863 4452 tq,
877 4385 890 4438 5
899 4404 907 4452 3
922 4387 952 4450 ll,
967 4385 1008 4454 34,
1019 4405 1043 4454 7.
1057 4387 1105 4440 Ed.
1116 4389 1260 4448 Schubart‚
1275 4389 1352 4456 1870.
