3140 5072
332 485 382 578 84

770 505 953 554 nPPENutx

458 632 507 682 Vei
525 646 587 681 casu
602 631 712 686 incerto.
728 631 822 682 merita
836 630 877 680 vei
894 630 1008 696 denique
1022 631 1099 695 culpa
1116 650 1123 683 :

457 721 557 772 Omnia
570 735 631 770 nam
648 721 833 785 potiusquam
848 730 873 769 te
888 718 980 770 fecisse
992 721 1108 784 putabo.

486 809 596 860 Labitur
610 807 711 858 interea
725 808 842 858 resoluta
855 808 889 857 ab
904 808 981 860 litore
994 808 1097 867 classis,

451 900 546 963 Magna
561 896 699 962 repentino
710 895 854 946 sinuantur
867 895 949 946 lintea
964 910 1036 958 coro,

455 984 582 1035 Flectitur
597 985 625 1034 in
641 983 716 1033 viridi
733 997 824 1034 remus
839 985 902 1043 sale,
916 983 1041 1048 languida
1056 983 1138 1035 fessae

455 1074 576 1139 Virginis
591 1075 617 1124 in
634 1089 713 1124 cursu
728 1073 843 1122 moritur
860 1071 1031 1138 querimonia
1044 1073 1134 1139 longo.

456 1161 559 1212 Deserit
572 1161 695 1226 angustis
710 1161 846 1212 inclusum
862 1161 983 1212 faucibus
998 1162 1129 1219 isthmon,

457 1249 614 1316 Cypseiidae
629 1250 722 1316 magni
735 1249 856 1300 florentia
869 1266 949 1315 regna
963 1246 1094 1301 Corinthi.

458 1338 585 1388 Praeterit
597 1338 725 1404 abruptas
739 1337 855 1387 Scironis
868 1337 992 1403 protinus
1003 1351 1076 1389 arces

455 1427 641 1492 infestumque
654 1425 711 1476 suis
725 1426 797 1476 dirae
809 1426 954 1477 testudinis
968 1427 1021 1478 exit

454 1517 597 1582 Spelaeum
616 1517 756 1582 multoque
767 1526 891 1566 cruentas
905 1515 1009 1581 hospite
1021 1526 1120 1566 cautes.

454 1605 564 1671 lamque
578 1606 643 1655 adeo
661 1615 748 1656 tutum
763 1606 843 1672 longe
859 1606 966 1656 Piraeea
981 1607 1073 1664 cernit.

454 1696 487 1746 Et
499 1703 575 1744 notas
588 1695 656 1744 eheu
669 1695 767 1745 frustra
782 1706 910 1760 respectat
921 1696 1049 1746 Athenas.

455 1785 509 1834 iarn
523 1785 614 1848 procul
630 1800 645 1834 e
658 1784 740 1834 fluctu
755 1784 901 1834 Salaminia
911 1785 1024 1850 suspicit
1035 1801 1096 1836 arva

454 1875 646 1940 Florentesque
660 1874 733 1925 videt
745 1874 798 1924 iam
813 1875 942 1941 Cycladas
957 1893 963 1924 :
980 1875 1042 1925 hinc
1057 1875 1132 1926 sinus
1144 1877 1182 1926 ilii

453 1963 563 2024 Sunius,
577 1963 641 2013 hinc
656 1964 735 2014 statio
751 1974 843 2013 contra
860 1973 931 2028 patet
947 1964 1117 2014 Hermionea.

456 2051 603 2116 Linquitur
620 2060 681 2101 ante
696 2051 761 2101 alias
777 2051 855 2116 longe
871 2051 1021 2116 gratissima
1035 2051 1114 2102 Delos

453 2140 597 2190 Nereidum
613 2127 689 2191 matri
705 2150 729 2190 et
742 2130 867 2206 Neptuno
882 2143 995 2206 Aegaeo.

454 2229 588 2295 Prospicit
603 2231 746 2280 incinctam
764 2229 900 2294 spumanti
913 2230 991 2279 litore
1004 2231 1130 2296 Cythnon

454 2321 687 2388 Marmoreamque
704 2322 788 2370 Paron
803 2320 972 2385 viridemque
984 2321 1090 2385 adlapsa
1102 2321 1238 2387 Donysam

454 2409 640 2476 Aeginantque
652 2410 734 2460 simui
750 2409 1004 2476 sementiieramque
1018 2410 1173 2476 Seriphum.

456 2499 551 2549 Fertur
565 2509 589 2549 et
605 2499 712 2549 incertis
727 2499 839 2548 iactatur
852 2499 885 2547 ad
897 2513 956 2548 aera
971 2497 1067 2560 ventis,

455 2587 561 2639 Cumba
574 2589 656 2644 velut.
670 2603 782 2652 magnas
796 2588 918 2653 sequitur
934 2604 995 2638 cum
1011 2589 1120 2654 parvula
1135 2589 1242 2651 classes,

453 2677 516 2727 Afer
530 2687 555 2726 et
568 2678 681 2728 hiberno
697 2677 838 2728 bacchatur
853 2678 880 2726 in
897 2692 1013 2743 aequore
1027 2678 1116 2738 turbo,

455 2766 545 2816 Donec
562 2767 614 2816 tale
625 2766 705 2817 decus
719 2766 822 2816 formae
836 2766 954 2816 vexarier
971 2765 1052 2816 undis

457 2855 519 2905 Non
535 2855 597 2905 tulit
610 2871 639 2905 ac
652 2855 766 2906 miseros
777 2855 890 2906 mutavit
901 2855 1012 2921 virginis
1025 2866 1099 2906 artus

455 2944 583 2995 Caeruleo
601 2945 706 3010 poliens
721 2946 820 2995 coniux
834 2945 970 3010 Neptunia
985 2961 1076 3011 regno.

456 3035 507 3085 Sed
522 3045 610 3085 tamen
626 3045 762 3085 externam
775 3035 896 3100 squamis
909 3034 1007 3085 vestire
1023 3035 1138 3100 pueliam

455 3122 608 3189 infidosque
623 3123 692 3172 inter
707 3132 825 3172 teneram
842 3123 1011 3172 committere
1027 3124 1114 3188 pisces

456 3216 517 3266 Non
531 3213 625 3264 statuit
644 3213 768 3269 (nimium
786 3221 827 3262 est
840 3213 949 3262 avidum
964 3228 1046 3277 pecus
1057 3213 1245 3280 Amphitrites)
1261 3231 1267 3264 ι

456 3302 544 3353 Acriis
556 3301 646 3368 potius
660 3301 806 3351 sublimem
822 3301 932 3350 sustulit
945 3301 1003 3362 aiis,

456 3393 532 3442 Esset
543 3400 573 3441 ut
586 3391 614 3440 in
629 3389 705 3440 terris
719 3389 779 3440 facti
794 3389 825 3440 de
842 3389 953 3440 nomine
966 3391 1038 3453 ciris,

456 3481 526 3533 Ciris
539 3481 682 3546 Amyclaeo
699 3479 844 3530 formosior
855 3493 948 3530 ansere
966 3479 1064 3530 Ledae.'

456 3569 505 3620 Hic
518 3570 591 3620 velut
607 3569 635 3617 in
653 3567 741 3627 niveo,
757 3578 846 3618 tenera
858 3579 898 3617 est
912 3583 973 3618 curn
988 3568 1115 3633 primitus
1130 3585 1181 3619 ovo

458 3659 569 3725 Effigies
586 3658 730 3709 animantis
745 3668 771 3708 et
783 3658 935 3708 internodia
953 3659 1084 3710 membris

458 3749 613 3815 imperfecta
626 3763 696 3798 novo
708 3748 816 3798 fluitant
830 3757 951 3798 concreta
970 3748 1057 3798 calore
1076 3769 1080 3798 :

454 3836 498 3888 Sic
510 3837 614 3903 liquido
628 3837 728 3903 Scyllae
743 3835 937 3888 circumfusum
951 3851 1066 3902 aequore
1078 3851 1176 3902 corpus

456 3927 579 3977 Semiferi
598 3927 707 3976 incertis
722 3925 801 3977 etiam
817 3941 889 3976 nunc
904 3925 1024 3992 partibus
1036 3935 1110 3974 artus

456 4017 582 4084 Undique
599 4018 739 4067 mutabant
755 4025 835 4082 atque
850 4016 969 4081 undique
985 4016 1168 4065 mutabantur.

455 4108 520 4158 Oris
532 4107 622 4157 honos
635 4106 752 4173 primum
769 4116 794 4155 et
809 4105 903 4155 multis
918 4115 1007 4170 optata
1022 4105 1116 4155 labella

457 4197 489 4247 Et
504 4197 609 4260 patulae
623 4195 718 4245 frontis
736 4194 838 4260 species
852 4209 1022 4244 concrescere
1039 4194 1065 4243 in
1083 4209 1169 4244 unum

456 4283 574 4346 Coepere
589 4294 614 4332 et
627 4282 717 4349 gracili
736 4291 857 4332 mentum
873 4281 1019 4346 producere
1033 4289 1136 4346 rostro;

457 4373 528 4423 Tum
547 4389 599 4440 qua
614 4389 641 4423 se
656 4372 776 4423 medium
786 4371 883 4438 'capitis
898 4371 1040 4422 discrimen
1057 4372 1160 4437 agebat,
