3134 5082
752 423 762 454 p

311 476 359 550 26
659 501 709 552 ur
734 499 902 554 caraunus
927 502 1023 555 crars

356 626 509 717 Denique
524 648 563 696 ex
582 643 672 696 sexta
689 627 814 720 Ecloga
831 631 873 718 (v.
892 630 1015 722 75-78)
1030 631 1181 701 translati
1197 649 1275 702 sunt
1289 655 1370 702 mu·

307 757 379 812 tato
391 763 462 811 uno
473 741 577 814 verbo
591 759 657 812 tres
670 765 788 812 versus
805 767 813 814 τ

463 963 582 1016 Candida
595 964 758 1016 succinctam
773 966 933 1018 latrantibus
946 966 1057 1034 inguina
1070 968 1200 1020 monstris

464 1053 601 1103 Dulichias
612 1067 720 1104 vexasse
734 1064 803 1105 rates
812 1065 838 1106 et
848 1056 952 1123 gurgite
964 1055 992 1106 in
1007 1057 1060 1107 alio

461 1142 612 1208 Deprensus
626 1152 720 1194 nautas
728 1144 846 1195 'canibus
860 1145 986 1197 lacerasse
1001 1145 1122 1197 marinis.

1084 1235 1161 1302 (Cin,
1178 1235 1283 1305 59-6r.l

309 1431 377 1502 Hic
388 1432 458 1524 ipse
475 1449 586 1504 noster
605 1433 715 1504 alieno
729 1456 768 1504 ex
783 1434 873 1506 fonte
887 1457 922 1504 se
938 1434 1088 1505 hausisse
1102 1417 1276 1525 profitetur
1289 1455 1368 1502 cum

307 1545 387 1615 dicit
401 1569 410 1616 :

462 1663 622 1730 Complures
637 1665 711 1716 illam
726 1675 752 1717 et
767 1665 868 1732 magni,
886 1653 1015 1730 Messalla,
1029 1677 1151 1732 poetae...

465 1753 557 1819 Longe
568 1752 620 1804 alia
634 1754 778 1820 perhibent
790 1765 920 1806 mutatam
934 1755 1055 1805 membra
1067 1753 1152 1821 figura

464 1842 615 1907 Scyllaeum
633 1853 755 1894 monstro
768 1857 863 1894 saxum
875 1841 1000 1894 infestare
1012 1841 1099 1893 voraci

466 1930 539 1980 illam
550 1946 608 1982 esse
618 1931 755 1983 aerumnis
766 1947 848 1998 quam
860 1946 937 1998 saepe
951 1931 1071 1997 legamus
1088 1930 1178 1998 Ulyxi.

358 2115 565 2186 Huiusmodi
579 2139 657 2187 vero
673 2120 764 2188 locos
782 2118 852 2188 duo
865 2119 1068 2205 invenimus,
1084 2117 1143 2208 qui
1157 2139 1226 2187 non
1240 2140 1280 2186 ex
1297 2119 1369 2186 Bu-

313 2233 440 2302 colicon
466 2232 551 2303 libro
570 2233 967 2323 proveniun13nimirum
982 2255 1022 2304 ex
1040 2233 1190 2303 Aeneide
1211 2233 1294 2302 haec
1313 2253 1370 2302 ar-

312 2348 430 2417 cessita
444 2363 522 2416 sunt
536 2371 544 2416 :

461 2573 502 2624 nd
517 2575 619 2625 caelum
633 2573 727 2624 infelix
741 2573 861 2625 ardentia
877 2573 982 2626 lumina
998 2574 1119 2636 tendens,

463 2663 590 2728 Lumina;
602 2677 664 2713 nam
680 2672 783 2714 teneras
794 2663 919 2714 arcebant
931 2663 1038 2714 vincula
1051 2664 1151 2730 palmas
1164 2671 1182 2728 ¹;

309 2860 388 2932 etin
404 2861 470 2930 fine
484 2859 570 2930 Ciris
593 2860 636 2929 ad
655 2860 797 2960 verbum
815 2859 1004 2952 transcripti
1022 2877 1101 2929 sunt
1125 2882 1240 2930 versus
1262 2856 1369 2959 Geor·

307 2977 474 3067 giemum,
488 2976 611 3067 quibus
626 2973 861 3046 describuntur
875 2992 994 3045 mutua
1009 2976 1123 3045 avium
1140 2976 1218 3046 odia
1237 3003 1244 3046 :

463 3201 640 3268 Quacumque
657 3200 704 3252 illa
714 3201 799 3251 levem
812 3199 917 3266 fugiens
929 3208 997 3250 secat
1009 3199 1114 3250 aethera
1132 3197 1239 3264 pennis.

462 3290 530 3340 Ecce
545 3289 673 3340 inimicus
687 3300 762 3341 atrox
772 3304 870 3356 magno
886 3288 999 3340 stridore
1013 3303 1060 3354 per
1074 3300 1152 3338 auras

464 3379 616 3445 Insequitur
629 3379 729 3444 Nisus;
747 3393 799 3446 qua
815 3393 843 3430 se
856 3377 908 3429 fert
921 3378 1003 3428 Nisus
1015 3377 1047 3428 ad
1065 3391 1143 3427 auras

463 3469 510 3519 Illa
520 3469 605 3519 levem
616 3456 723 3535 lugiens
734 3468 829 3534 raptim
844 3477 913 3519 secat
927 3467 1033 3518 aethera
1046 3465 1157 3532 pennis.

352 3667 537 3758 Quomodo
560 3667 686 3759 ambigi
711 3667 816 3758 possit
838 3683 912 3735 uter
936 3665 1000 3735 utri
1029 3686 1068 3734 ea
1095 3655 1261 3748 debuerit,
1286 3680 1364 3730 cum

308 3786 399 3876 apud
414 3785 558 3854 alterum
576 3799 743 3873 nequeant
757 3783 826 3851 ullo
844 3782 947 3851 modo
965 3779 1084 3849 recidi?
1105 3777 1209 3848 Nisus
1228 3777 1365 3848 enimet

307 3897 420 3992 Scylla
438 3898 643 3969 inducuntur
657 3898 751 3990 signa
769 3898 888 3967 dantes
902 3896 987 3966 inter
998 3895 1079 3965 alias
1097 3893 1247 3963 eiusdem
1260 3912 1365 3984 geue·

343 4175 364 4210 r.
381 4159 460 4223 Ciris,
474 4175 536 4224 40²·
557 4157 600 4208 Cf.
616 4159 692 4219 Aen„
708 4157 740 4222 ll,
752 4156 803 4220 405
819 4174 825 4207 ι

531 4275 568 4320 Ad
580 4277 667 4320 caelum
676 4274 769 4320 tendens
781 4274 882 4320 ardentia
895 4275 981 4321 lumina
992 4274 1086 4328 frustra,

531 4355 640 4408 Lumiua;
653 4367 706 4402 nam
715 4361 804 4401 teneras
815 4356 921 4402 arcebant
932 4355 1025 4402 vincula
1035 4355 1122 4410 palmas
