3134 5082
535 520 583 588 ps
610 518 776 570 canutus
803 517 899 569 crnrs
975 475 976 480 ¹
1204 517 1246 592 19

233 646 281 712 At
307 644 465 714 carminis
493 645 596 712 nostri
622 666 701 713 cum
726 643 865 736 Vergilii
889 643 1048 733 operibus
1068 661 1246 731 compara-

158 781 161 786 ·
190 759 280 828 tione
298 759 445 850 spatium
460 758 547 827 intra
565 759 657 849 quod
671 759 896 849 compositum
911 775 974 846 est,
989 759 1112 827 finibus
1127 757 1246 826 certio-

190 874 283 944 ribus
308 875 496 962 claudetur,
522 873 649 948 scilicet
666 874 712 942 illi
732 874 873 965 tempori
897 874 1122 965 assignabitur
1154 873 1246 962 quod

189 1006 333 1060 mortem
342 989 480 1080 Vergilii
491 989 644 1081 proxime
658 990 877 1059 subsecutum
890 1008 950 1060 est.
969 990 1105 1060 Etenim
1119 1008 1247 1060 senten·

188 1103 313 1173 tiarum
342 1123 400 1174 aut
422 1106 603 1175 verborum
628 1107 774 1198 quaein
803 1105 872 1176 Ciri
897 1124 928 1176 et
953 1108 1045 1199 apud
1068 1108 1248 1176 Maronem

189 1246 262 1294 esse
287 1225 483 1294 communia
508 1225 675 1312 videmus,
698 1227 858 1316 pleraque
881 1243 914 1295 et
935 1226 991 1294 illa
1015 1223 1153 1315 quidem
1172 1245 1247 1293 ma·

189 1337 278 1408 xime
297 1339 459 1410 notabilia
473 1363 514 1409 ex
529 1341 713 1411 Bucolicon
727 1341 812 1410 libro
834 1359 867 1410 et
886 1341 1040 1432 inprimis
1057 1362 1096 1408 ex
1121 1339 1247 1430 Ecloga

189 1471 308 1524 octava
317 1455 515 1548 deprompta
530 1475 626 1543 sunt3
642 1458 700 1526 sed
713 1457 938 1548 aliaquoque‚
954 1479 1063 1548 neque
1074 1480 1113 1527 ea
1124 1479 1246 1549 pauca,
1308 1447 1312 1457 ’

187 1593 227 1640 ex
238 1568 411 1663 Georgicis
420 1589 452 1642 et
461 1573 631 1660 Aeneide3
646 1573 704 1664 qui
720 1586 800 1665 er'go
813 1574 961 1666 Vergilio
974 1573 1068 1643 Cirin
1082 1573 1247 1663 tribuunt,

188 1685 224 1754 id
237 1686 394 1778 colligant
415 1711 548 1782 necesse
566 1705 629 1776 est,
647 1710 822 1759 summum
835 1689 931 1758 illum
955 1706 1091 1781 poetam
1115 1703 1174 1757 aut
1188 1710 1249 1778 per

188 1823 327 1871 omnem
341 1802 445 1873 vitam
459 1820 492 1872 et
506 1803 642 1894 optimis
662 1805 696 1872 in
710 1804 869 1895 operibus
883 1803 974 1872 hunc
988 1803 1158 1872 imitatum
1177 1824 1249 1872 esse

187 1917 433 1989 adulescentiae
443 1941 524 1989 suae
535 1918 656 2008 letum,
669 1936 728 1988 aut
742 1919 776 1988 in
787 1918 970 1990 maturiore
980 1936 1088 1989 aetate
1100 1940 1162 1988 sua
1172 1939 1249 1987 om·

189 2033 246 2102 nia
258 2056 363 2125 opera
377 2034 576 2125 expilavisse
591 2052 627 2104 ut
647 2035 726 2105 inde
739 2035 832 2105 aliud
846 2034 1022 2126 quoddam
1041 2029 1183 2104 omnino
1202 2035 1250 2104 di·

188 2174 323 2222 versum
336 2169 439 2243 atque
455 2153 632 2244 indignum
645 2153 762 2228 ceteris
777 2143 1012 2244 componerem
1029 2151 1092 2222 nisi
1107 2151 1193 2221 forte
1204 2151 1251 2220 fa-

188 2269 251 2336 teri
275 2269 357 2338 velis
379 2250 492 2360 (quod
508 2269 658 2359 profecto
679 2292 748 2338 non
769 2270 878 2360 magis
904 2287 953 2339 est
973 2267 1160 2360 probabile)
1187 2267 1251 2336 hoc

189 2383 337 2474 epyllion
349 2383 528 2476 superioris
540 2384 763 2455 alicuiusesse
782 2384 1077 2476 scriptoris,quem
1086 2381 1251 2474 Vergilius

189 2515 221 2568 et
234 2499 268 2567 in
284 2500 448 2570 Bucolicis
463 2518 495 2570 et
508 2499 542 2569 in
559 2499 731 2593 Georgicis
746 2519 778 2572 et
793 2500 828 2571 in
845 2501 996 2570 Aeneide
1020 2499 1120 2598 toties
1131 2516 1163 2569 et
1177 2516 1249 2569 tam

190 2615 290 2684 variis
303 2615 415 2685 modis
433 2616 531 2686 fuerit
544 2615 708 2685 imitatus!

235 2729 363 2801 Omnia
378 2731 517 2822 quidem
540 2754 715 2823 excerpere
734 2754 821 2823 quae
837 2731 916 2800 inde
930 2731 965 2800 in
979 2730 1072 2801 Cirin
1086 2731 1249 2803 translata

190 2866 283 2935 sunt,
308 2848 441 2940 longius
465 2849 520 2938 sit,
539 2867 576 2919 ¹et
600 2851 699 2942 plura
724 2871 764 2919 ea
787 2851 821 2918 in
843 2849 933 2919 diem
952 2849 1122 2918 studiosus
1147 2849 1249 2917 lector

189 2961 351 3051 inveniat,
365 2985 434 3054 quo
458 2965 650 3057 diligentius
675 2952 825 3058 singulos
840 2987 954 3035 versus
973 2964 1170 3057 inspexerim
1186 2986 1249 3060 nos

189 3078 355 3148 rationem
369 3080 606 3151 tantummodo
620 3080 816 3152 imitationis
835 3096 867 3150 et
877 3080 1074 3150 varietatem
1089 3078 1250 3170 exemplis

189 3192 443 3264 illustrabimus.

235 3306 302 3379 Sed
328 3327 428 3379 antea
454 3333 587 3381 necesse
616 3329 667 3381 est
692 3311 819 3402 aliquid
850 3312 1003 3381 dicamus
1028 3312 1070 3380 de
1092 3310 1249 3382 universo

190 3425 283 3517 apud
303 3426 479 3496 Romanos
499 3446 615 3520 poetas
634 3429 787 3499 imitandi
805 3451 940 3521 genere,
956 3451 1025 3518 quo
1047 3427 1182 3518 planius
1200 3427 1249 3497 in·

190 3545 366 3636 tellegatur
379 3569 467 3636 quae
480 3547 584 3615 nostri
600 3548 633 3615 in
648 3546 713 3614 hoc
727 3545 812 3615 ratio
826 3544 938 3616 fuerit.
959 3542 994 3614 Si
1013 3543 1104 3614 enim
1123 3544 1156 3612 in
1175 3566 1250 3635 per·

190 3659 375 3752 pendendis
394 3661 561 3731 veteribus
578 3660 704 3729 trutina
725 3660 844 3729 eadem
870 3675 1040 3728 uteremur
1058 3681 1125 3749 qua
1147 3658 1182 3729 in
1200 3680 1251 3727 re·

191 3777 405 3865 cautioribus,
421 3777 687 3868 quammirum
711 3800 783 3846 esse
807 3775 943 3845 deberet
967 3774 1060 3866 quod
1088 3796 1191 3864 supra
1209 3773 1252 3842 de

191 3892 316 3966 Catulli
339 3893 526 3965 imitatione
556 3893 591 3963 in
618 3893 688 3964 Ciri
712 3895 984 3962 demonstratum
1014 3897 1078 3960 est!
1109 3888 1253 3978 Quanto

190 4088 361 4142 verissimam
374 4079 460 4160 legem
473 4104 555 4157 quam
567 4090 688 4142 Catullus
700 4090 839 4158 expressit,
854 4098 903 4142 etc.
914 4062 994 4140 iidem
1008 4087 1075 4139 alias
1088 4085 1173 4138 Sentii
1189 4085 1250 4135 Au-

191 4182 283 4250 gurini
295 4182 347 4234 hos
357 4181 438 4234 refert
448 4179 596 4232 versiculos
609 4196 616 4230 :

351 4296 426 4343 Canto
436 4295 537 4340 carmina
548 4293 652 4341 versibus
666 4294 761 4341 minutis

352 4378 398 4426 His
408 4378 465 4425 olim
478 4377 560 4450 quibus
573 4384 595 4424 et
608 4389 673 4424 meus
686 4378 797 4436 Catullus,
814 4383 858 4423 etc
