3134 5082
335 522 384 590 20
686 527 734 574 us
758 523 926 575 wcaraunus
952 519 1048 571 crnrs

335 653 444 745 magis
467 654 553 722 mira
577 652 719 722 imitatio
742 649 900 741 Vergilii!
921 647 1036 718 Huius
1059 642 1151 713 enim
1175 665 1214 711 ex
1239 643 1400 733 operibus

336 795 404 841 non
420 769 525 839 modo
545 767 698 855 nomina,
713 768 894 841 verborum
913 764 1102 846 iuncturae,
1117 758 1300 850 particulae
1322 781 1399 828 ver-

231 873 233 878 ’
337 909 453 975 suum,
473 886 532 954 sed
554 885 629 973 toti,
651 883 757 953 immo
781 884 897 973 plures
924 898 956 950 et
980 877 1129 948 continui
1153 898 1270 945 versus
1295 876 1399 944 adsu-

337 1019 489 1072 muntur.
516 1000 607 1070 Cum
627 1016 741 1069 autem
764 997 852 1069 Ciris
877 1018 986 1086 neque
1011 992 1117 1084 pelori
1134 989 1279 1081 tempori
1297 990 1399 1060 tribui

336 1121 455 1213 possit,
475 1139 583 1207 neque
596 1117 689 1184 lusus
704 1115 746 1184 sit
761 1113 922 1184 Centonis
941 1109 1083 1180 Ausonii
1109 1108 1224 1190 insta-r,
1243 1123 1302 1175 aut
1321 1127 1398 1174 nes-

335 1239 389 1308 cio
410 1234 504 1305 cuius
519 1231 760 1302 adulescentuli
777 1228 980 1315 exercitatio,
996 1226 1055 1295 sed
1071 1223 1130 1294 viri
1150 1220 1274 1292 maturi
1297 1243 1396 1312 opus,

335 1373 443 1442 neque
461 1348 609 1440 ingenio,
626 1368 732 1436 neque
751 1362 902 1436 tempore
922 1365 989 1433 quo
1013 1338 1131 1409 vixerit
1144 1337 1396 1424 contemnendi,

266 1448 269 1458 ¹
334 1465 567 1556 quaerendum
590 1479 640 1531 est
661 1485 731 1552 quo
753 1478 853 1551 pacto
872 1477 944 1528 tam
968 1456 1092 1525 mirum
1111 1453 1145 1523 in
1169 1453 1312 1530 modum
1333 1474 1396 1542 po-

334 1582 432 1651 tuerit
456 1579 666 1671 superiorum
681 1595 715 1647 et
736 1576 931 1668 aequalium
948 1573 1070 1664 scripta
1095 1568 1163 1638 suis
1178 1567 1397 1638 commiscere

331 1715 439 1787 'eaque
459 1714 623 1785 tanquam
646 1693 782 1785 propria
804 1712 980 1782 usurpare.
1000 1684 1163 1776 Quaestio
1182 1683 1265 1752 haec
1277 1686 1322 1756 ad
1342 1687 1395 1756 lit-

332 1831 422 1884 teras
451 1815 622 1891 universas
654 1813 893 1902 Romanorum
919 1806 1062 1898 pertinet
1094 1801 1281 1890 eademque
1305 1819 1395 1872 trac·

334 1947 404 2000 tata
423 1931 467 2000 ad
482 1949 569 2001 recte
592 1929 811 1999 iudicandum
832 1927 937 1997 nostri
957 1923 1114 1996 carminis
1128 1934 1307 1990 auctorem
1326 1921 1395 1992 non

331 2067 457 2136 parum
472 2045 632 2137 proderit.

330 2193 333 2198 ·
380 2165 461 2232 Non
489 2184 565 2231 raro
599 2162 737 2252 quidem
763 2161 799 2230 in
832 2177 1011 2252 poetarum
1048 2157 1195 2228 nationis
1218 2155 1396 2228 cuiuslibet

334 2277 492 2367 operibus
524 2277 670 2366 reperias
702 2276 871 2366 quaedam
905 2273 1128 2361 communia,
1164 2296 1272 2364 neque
1309 2271 1395 2342 adeo
1481 2339 1483 2342 .

334 2392 458 2462 mirum
470 2407 519 2459 est
536 2389 592 2460 ubi
607 2391 733 2461 similes
747 2413 865 2460 sensus
878 2391 1067 2480 similiaque
1084 2392 1170 2462 facta
1188 2391 1394 2476 describunt,

332 2507 501 2597 quosdam
524 2506 889 2598 interdum-scriptores
908 2505 1060 2576 oratione
1074 2507 1253 2597 verbisque
1273 2522 1306 2574 et
1318 2527 1395 2574 ver·

333 2643 435 2690 suum
448 2621 557 2712 specie
572 2622 658 2692 inter
679 2645 714 2691 se
737 2645 938 2715 congruere3
960 2623 1091 2713 quoties
1106 2624 1209 2706 etiam
1234 2621 1290 2691 alii
1310 2621 1395 2691 alio·

334 2735 410 2807 rum
425 2735 606 2806 sententias
621 2761 707 2828 quas
726 2739 789 2829 ipsi
804 2739 1042 2831 excogitavisse
1065 2739 1130 2808 sibi
1150 2739 1321 2821 videntur,
1341 2737 1395 2806 vel

334 2854 429 2923 inscii
446 2870 709 2944 repraesentant,
725 2877 803 2925 cum
825 2855 864 2924 iis
883 2872 1001 2946 sponte
1015 2856 1179 2925 memoria
1202 2839 1396 2944 suppeditet

335 2971 426 3060 quod
438 2989 557 3061 suopte
570 2970 704 3062 ingenio
718 2971 880 3040 creavisse
889 2972 1101 3042 arbitrentur!
1114 2973 1291 3041 Praeterea
1302 2968 1395 3059 apud

337 3088 514 3156 Romanos
524 3086 618 3156 aliter
630 3109 766 3177 quoque
778 3110 813 3156 se
827 3109 879 3155 res
889 3086 1047 3157 habebat.
1069 3089 1162 3158 Nam
1178 3087 1301 3180 scripta
1315 3087 1395 3178 per-¹

335 3205 481 3295 legentes
495 3203 546 3272 vel
563 3203 679 3273 aetatis
694 3203 781 3272 illius
791 3226 878 3293 quae
891 3204 1037 3274 maxime
1051 3204 1165 3273 litteris
1179 3205 1306 3292 floruit,
1317 3204 1394 3273 ubi-

333 3343 398 3410 que
411 3319 647 3406 imitationem‚
656 3318 793 3408 qualem
804 3342 972 3410 nusquam
984 3321 1080 3408 alim,
1093 3321 1390 3412 deprehendimus.

337 3471 341 3479 ·
380 3438 513 3505 Romae
542 3435 665 3504 etenim
693 3435 838 3525 poetica,
860 3436 970 3505 aliena
998 3460 1039 3505 ex
1065 3455 1153 3506 terra
1180 3437 1307 3522 delata,
1329 3436 1393 3506 arti

332 3554 409 3644 plus
426 3571 530 3641 quam
555 3568 694 3620 naturae
712 3551 847 3639 debuit3
875 3574 1019 3642 cumque
1046 3570 1197 3623 veterum
1219 3553 1394 3621 Romano·

332 3691 409 3738 rum
423 3668 536 3759 lingua
550 3689 673 3757 parum
688 3686 773 3738 esset
785 3668 991 3738 carminibus
1005 3669 1140 3757 idonea,
1155 3670 1229 3760 ipsa
1241 3663 1282 3738 re
1293 3689 1394 3737 unus-

331 3784 474 3875 quisque
493 3800 629 3853 coactus
647 3801 696 3852 est
717 3786 981 3876 asuperioribus
997 3787 1048 3854 vel
1065 3784 1191 3875 graecis
1212 3784 1263 3854 vel
1278 3805 1394 3854 roma·

332 3901 383 3968 nis
397 3901 576 3991 eloquendi
591 3900 725 3991 copiam
739 3918 771 3970 et
793 3900 932 3971 artificia
946 3902 1088 3971 trahere.
1113 3902 1197 3971 lnde
1216 3901 1260 3970 ab
1281 3899 1394 3969 Ennio

331 4015 464 4094 videtur
500 4016 602 4084 luisse
644 4017 834 4094 communis
870 4017 1039 4108 quaedam
1076 4017 1173 4107 quasi
1211 4014 1394 4104 hereditas²

331 4133 439 4220 quam'
451 4132 543 4203 cordi
559 4131 767 4224 fuit'optimo
787 4129 907 4225 cuique
921 4125 1102 4218 servareet
1114 4157 1176 4224 pro
1197 4123 1283 4202 ririli
1297 4119 1394 4228 parte

331 4264 465 4316 auctam
491 4249 631 4340 posteris
648 4248 845 4338 relinquere.
864 4251 983 4339 ltaque
1003 4248 1187 4317 locutiones
1208 4250 1390 4340 quasdam,

333 4364 526 4449 sententias,
559 4366 691 4454 aliaque
722 4383 922 4434 ornamenta
954 4365 1183 4454 unusquisque
1205 4366 1390 4455 vsequenti·
