3140 5072
303 465 351 540 68
654 491 702 541 os
729 489 895 541 canutus
920 490 1016 541 enus

301 616 411 704 plum,
438 615 594 705 quamvis
616 616 658 685 sit
681 616 853 707 proposito
875 616 1015 702 alienus,
1037 638 1113 684 cum
1137 615 1365 685 similitudinis

301 733 407 820 gratia
430 733 589 823 cymbam
609 755 751 824 magnas
772 755 873 800 naves
892 749 1085 822 sequentem
1100 732 1179 799 etin
1201 755 1267 801 ovo
1281 755 1365 800 nas-

303 866 380 911 cens
394 845 534 932 animal,
550 863 608 914 aut
623 869 700 914 cum
723 848 904 915 ambarum
927 849 1039 934 avium
1063 865 1200 915 mutuas
1213 849 1279 915 iras
1298 849 1365 915 hac

301 965 551 1052 comparatione
566 965 734 1055 depingit:

453 1160 575 1225 Namque
590 1159 628 1209 uti
646 1159 674 1209 in
689 1160 807 1210 aetherio
822 1161 961 1226 signorum
978 1161 1079 1212 lumine
1094 1171 1230 1227 praestans

454 1249 546 1300 Unum
561 1264 640 1314 quem
656 1249 755 1314 duplici
773 1250 906 1299 stellarum
924 1251 1010 1300 sidere
1023 1243 1087 1312 vidi,

454 1338 581 1403 Scorpius
595 1337 703 1388 alternis
720 1338 822 1388 clarum
840 1338 913 1403 fugat
925 1339 1037 1389 Oriona.

348 1537 431 1604 Non
446 1536 549 1604 modo
571 1558 648 1604 eum
665 1536 811 1604 Lucretii
830 1536 973 1628 vestigiis
994 1536 1150 1605 institisse
1172 1553 1312 1626 apparet
1326 1537 1362 1604 in

300 1651 402 1718 rebus
416 1650 647 1736 observandis,
664 1672 751 1739 quae
769 1650 920 1719 sensibus
939 1651 1106 1719 subiectae
1121 1668 1212 1736 sunt,
1229 1652 1302 1738 sed,
1323 1670 1362 1720 ut

299 1766 536 1856 philosophum
556 1757 660 1848 decet,
679 1787 788 1834 mores
808 1766 985 1835 hominum
1004 1767 1136 1857 penitus
1155 1767 1360 1857 perspexisse

300 1900 336 1951 ut
359 1905 455 1951 veras
477 1883 644 1950 factorum
668 1903 788 1949 causas
809 1899 1086 1971 perscrutaretur,
1111 1903 1308 1972 quanquam
1324 1882 1357 1950 in

298 1998 361 2066 hoc
377 1999 510 2088 saepius
522 1997 713 2087 exquisitior
727 1998 985 2088 deprehenditur
1000 1998 1174 2067 subtilitas·
1194 1999 1246 2066 Ita
1258 1998 1360 2066 ratio·

301 2136 379 2182 nem
393 2111 501 2182 reddit
516 2135 619 2203 quare
636 2111 839 2202 Amphitrite

621 2310 685 2360 Tale
699 2311 779 2360 decus
796 2309 896 2360 formae
910 2310 1029 2362 vexarier
1046 2311 1115 2361 ultra

297 2531 366 2576 non
384 2507 509 2594 tulerit,
527 2525 559 2575 et
578 2526 768 2597 contempta
787 2507 932 2599 piscium
946 2509 1070 2600 figura,

448 2705 536 2754 Acriis
551 2706 640 2772 potius
658 2706 802 2756 sublimem
817 2707 958 2757 sustulerit
973 2707 1023 2757 alis
1039 2709 1058 2757 ¹.

297 2910 348 2977 Ita
365 2926 498 2996 quoque
512 2902 652 2992 explicat
670 2922 775 2990 quam
796 2903 881 2970 iusta
898 2901 1185 2970 commiseratione
1202 2903 1354 2993 luppiter

448 3101 608 3150 Commotus
625 3097 703 3148 talem
718 3097 750 3146 ad
766 3113 877 3162 superos
890 3096 999 3147 volitare
1013 3098 1139 3162 puellam,

451 3191 519 3238 Dum
536 3199 608 3253 pater
622 3186 768 3236 exstinctus
782 3201 855 3236 caeca
870 3187 920 3236 sub
936 3197 1010 3236 nocte
1024 3187 1124 3249 lateret,

450 3277 499 3341 illi,
517 3292 564 3342 pro
582 3276 676 3340 pietate
691 3290 738 3324 sua
750 3277 823 3338 (nam
836 3289 913 3340 saepe
926 3277 1057 3326 nitentum

448 3366 582 3431 Sanguine
597 3376 733 3414 taurorum
747 3364 859 3428 supplex
874 3377 1032 3430 resperserat
1044 3379 1111 3429 aras,

448 3458 531 3520 Saepe
548 3455 632 3504 Deum
652 3453 723 3518 largo
739 3453 874 3502 decorarat
889 3469 998 3522 munere
1011 3455 1093 3509 sedes}

447 3546 609 3598 Reddiderit
627 3554 744 3610 optatam
758 3552 860 3592 mutato
875 3559 985 3608 corpore
998 3545 1079 3595 vitam
1091 3547 1110 3594 ἵ.

293 3749 344 3816 Ita
360 3766 475 3837 porro,
489 3765 567 3810 cum
585 3741 708 3810 Carme
728 3767 743 3802 «
762 3741 806 3808 ad
822 3739 993 3830 inceptum
1007 3739 1132 3809 sociam
1148 3763 1183 3809 se
1197 3740 1350 3831 adiungit

289 3868 496 3949 alumnae»,
514 3879 656 3930 secretos
675 3858 746 3927 eius
773 3858 910 3927 affectus
936 3857 1126 3926 acutissime
1145 3875 1244 3949 poeta
1264 3858 1349 3925 odo-

288 3980 587 4052 mmmwfflw

290 4108 308 4159 0

325 4261 344 4314 t:
359 4241 438 4302 Ciris,
454 4242 502 4306 481
523 4256 563 4305 sq.
624 4204 626 4210 Ι

320 4353 344 4386 2.
362 4335 443 4392 Ciris,
460 4332 510 4381 522
526 4346 567 4395 sq.
