<?xml version="1.0" encoding="UTF-8"?>
<!DOCTYPE html PUBLIC "-//W3C//DTD XHTML 1.0 Transitional//EN"
    "http://www.w3.org/TR/xhtml1/DTD/xhtml1-transitional.dtd">
<html xmlns="http://www.w3.org/1999/xhtml" xml:lang="en" lang="en">
 <head>
  <title>
</title>
<meta http-equiv="Content-Type" content="text/html;charset=utf-8" />
  <meta name='ocr-system' content='tesseract 3.04.00' />
  <meta name='ocr-capabilities' content='ocr_page ocr_carea ocr_par ocr_line ocrx_word'/>
</head>
<body>
  <div class='ocr_page' id='page_1' title='image "./decarmineciris00waltgoog_0067.png"; bbox 0 0 3140 5072; ppageno 0'>
   <div class='ocr_carea' id='block_1_1' title="bbox 376 1481 1277 1576">
    <p class='ocr_par' dir='ltr' id='par_1_1' title="bbox 376 1481 1277 1576">
     <span class='ocr_line' id='line_1_1' title="bbox 376 1481 1277 1576; baseline 0.004 -25"><span class='ocrx_word' id='word_1_1' title='bbox 376 1483 551 1573; x_wconf 80' lang='lat' dir='ltr'>Quatenus</span> <span class='ocrx_word' id='word_1_2' title='bbox 556 1483 671 1574; x_wconf 85' lang='lat' dir='ltr'>possit</span> <span class='ocrx_word' id='word_1_3' title='bbox 686 1481 830 1575; x_wconf 81' lang='lat' dir='ltr'>definiri</span> <span class='ocrx_word' id='word_1_4' title='bbox 847 1483 944 1553; x_wconf 85' lang='lat' dir='ltr'>Ciris</span> <span class='ocrx_word' id='word_1_5' title='bbox 956 1483 1113 1554; x_wconf 83' lang='lat' dir='ltr'>auctoris</span> <span class='ocrx_word' id='word_1_6' title='bbox 1122 1507 1277 1576; x_wconf 83' lang='lat' dir='ltr'>persona</span> 
     </span>
    </p>
   </div>
   <div class='ocr_carea' id='block_1_2' title="bbox 298 1948 1370 3901">
    <p class='ocr_par' dir='ltr' id='par_1_2' title="bbox 298 1948 1370 3901">
     <span class='ocr_line' id='line_1_2' title="bbox 347 1948 1370 2042; baseline -0.001 -21"><span class='ocrx_word' id='word_1_7' title='bbox 347 1952 429 2021; x_wconf 91' lang='lat' dir='ltr'>Non</span> <span class='ocrx_word' id='word_1_8' title='bbox 445 1951 553 2020; x_wconf 90' lang='lat' dir='ltr'>multo</span> <span class='ocrx_word' id='word_1_9' title='bbox 571 1967 647 2041; x_wconf 89' lang='lat' dir='ltr'>post</span> <span class='ocrx_word' id='word_1_10' title='bbox 660 1972 787 2018; x_wconf 90' lang='lat' dir='ltr'>annum</span> <span class='ocrx_word' id='word_1_11' title='bbox 807 1948 1138 2040; x_wconf 63' lang='lat' dir='ltr'>DCCXXXVUAE.</span> <span class='ocrx_word' id='word_1_12' title='bbox 1156 1951 1250 2021; x_wconf 90' lang='lat' dir='ltr'>Cirin</span> <span class='ocrx_word' id='word_1_13' title='bbox 1265 1951 1370 2042; x_wconf 91' lang='lat' dir='ltr'>scrip·</span> 
     </span>
     <span class='ocr_line' id='line_1_3' title="bbox 301 2065 1367 2156; baseline 0 -22"><span class='ocrx_word' id='word_1_14' title='bbox 301 2085 374 2135; x_wconf 89' lang='lat' dir='ltr'>tam</span> <span class='ocrx_word' id='word_1_15' title='bbox 396 2089 467 2134; x_wconf 87' lang='lat' dir='ltr'>esse</span> <span class='ocrx_word' id='word_1_16' title='bbox 489 2083 662 2156; x_wconf 72' lang='lat' dir='ltr'>pro&#39;certo</span> <span class='ocrx_word' id='word_1_17' title='bbox 686 2065 871 2151; x_wconf 88' lang='lat' dir='ltr'>habemus,</span> <span class='ocrx_word' id='word_1_18' title='bbox 898 2083 930 2134; x_wconf 92' lang='lat' dir='ltr'>et</span> <span class='ocrx_word' id='word_1_19' title='bbox 957 2066 1022 2146; x_wconf 91' lang='lat' dir='ltr'>alia</span> <span class='ocrx_word' id='word_1_20' title='bbox 1053 2066 1182 2135; x_wconf 89' lang='lat' dir='ltr'>ratione</span> <span class='ocrx_word' id='word_1_21' title='bbox 1205 2066 1367 2135; x_wconf 91' lang='lat' dir='ltr'>demons-</span> 
     </span>
     <span class='ocr_line' id='line_1_4' title="bbox 302 2181 1366 2274; baseline 0 -24"><span class='ocrx_word' id='word_1_22' title='bbox 302 2183 382 2251; x_wconf 90' lang='lat' dir='ltr'>trari</span> <span class='ocrx_word' id='word_1_23' title='bbox 406 2200 515 2274; x_wconf 89' lang='lat' dir='ltr'>potest</span> <span class='ocrx_word' id='word_1_24' title='bbox 546 2183 631 2250; x_wconf 90' lang='lat' dir='ltr'>inter</span> <span class='ocrx_word' id='word_1_25' title='bbox 656 2182 747 2250; x_wconf 91' lang='lat' dir='ltr'>hunc</span> <span class='ocrx_word' id='word_1_26' title='bbox 772 2205 902 2251; x_wconf 91' lang='lat' dir='ltr'>annum</span> <span class='ocrx_word' id='word_1_27' title='bbox 930 2201 962 2252; x_wconf 92' lang='lat' dir='ltr'>et</span> <span class='ocrx_word' id='word_1_28' title='bbox 989 2182 1146 2253; x_wconf 91' lang='lat' dir='ltr'>DCCXL</span> <span class='ocrx_word' id='word_1_29' title='bbox 1172 2181 1300 2251; x_wconf 86' lang='lat' dir='ltr'>circiter</span> <span class='ocrx_word' id='word_1_30' title='bbox 1330 2183 1366 2252; x_wconf 92' lang='lat' dir='ltr'>in</span> 
     </span>
     <span class='ocr_line' id='line_1_5' title="bbox 303 2296 1366 2368; baseline 0 -2"><span class='ocrx_word' id='word_1_31' title='bbox 303 2300 413 2366; x_wconf 91' lang='lat' dir='ltr'>lucem</span> <span class='ocrx_word' id='word_1_32' title='bbox 428 2321 498 2367; x_wconf 93' lang='lat' dir='ltr'>esse</span> <span class='ocrx_word' id='word_1_33' title='bbox 513 2298 650 2367; x_wconf 89' lang='lat' dir='ltr'>editam.</span> <span class='ocrx_word' id='word_1_34' title='bbox 671 2296 818 2366; x_wconf 87' lang='lat' dir='ltr'>Carmen</span> <span class='ocrx_word' id='word_1_35' title='bbox 839 2297 928 2366; x_wconf 89' lang='lat' dir='ltr'>enim</span> <span class='ocrx_word' id='word_1_36' title='bbox 944 2298 1138 2368; x_wconf 90' lang='lat' dir='ltr'>dedicatum</span> <span class='ocrx_word' id='word_1_37' title='bbox 1153 2315 1203 2367; x_wconf 89' lang='lat' dir='ltr'>est</span> <span class='ocrx_word' id='word_1_38' title='bbox 1221 2300 1366 2366; x_wconf 87' lang='lat' dir='ltr'>Messal-</span> 
     </span>
     <span class='ocr_line' id='line_1_6' title="bbox 303 2413 1365 2505; baseline 0.002 -23"><span class='ocrx_word' id='word_1_39' title='bbox 303 2417 355 2483; x_wconf 85' lang='lat' dir='ltr'>lae</span> <span class='ocrx_word' id='word_1_40' title='bbox 373 2415 429 2505; x_wconf 92' lang='lat' dir='ltr'>qui</span> <span class='ocrx_word' id='word_1_41' title='bbox 449 2432 481 2483; x_wconf 88' lang='lat' dir='ltr'>et</span> <span class='ocrx_word' id='word_1_42' title='bbox 506 2414 696 2504; x_wconf 91' lang='lat' dir='ltr'>«iuvenum</span> <span class='ocrx_word' id='word_1_43' title='bbox 716 2413 907 2483; x_wconf 85' lang='lat' dir='ltr'>doctissime</span> <span class='ocrx_word' id='word_1_44' title='bbox 927 2444 942 2478; x_wconf 85' lang='lat'>»</span> <span class='ocrx_word' id='word_1_45' title='bbox 966 2414 1019 2484; x_wconf 93' lang='lat' dir='ltr'>hic</span> <span class='ocrx_word' id='word_1_46' title='bbox 1038 2416 1239 2505; x_wconf 90' lang='lat' dir='ltr'>appellatur.</span> <span class='ocrx_word' id='word_1_47' title='bbox 1256 2413 1365 2484; x_wconf 91' lang='lat' dir='ltr'>Sum·</span> 
     </span>
     <span class='ocr_line' id='line_1_7' title="bbox 302 2534 1365 2625; baseline -0.001 -21"><span class='ocrx_word' id='word_1_48' title='bbox 302 2557 380 2604; x_wconf 85' lang='lat' dir='ltr'>mus</span> <span class='ocrx_word' id='word_1_49' title='bbox 402 2552 516 2604; x_wconf 88' lang='lat' dir='ltr'>autem</span> <span class='ocrx_word' id='word_1_50' title='bbox 531 2557 590 2625; x_wconf 91' lang='lat' dir='ltr'>per</span> <span class='ocrx_word' id='word_1_51' title='bbox 604 2556 707 2624; x_wconf 92' lang='lat' dir='ltr'>quem</span> <span class='ocrx_word' id='word_1_52' title='bbox 721 2534 785 2602; x_wconf 93' lang='lat' dir='ltr'>hoc</span> <span class='ocrx_word' id='word_1_53' title='bbox 803 2557 927 2602; x_wconf 91' lang='lat' dir='ltr'>nomen</span> <span class='ocrx_word' id='word_1_54' title='bbox 952 2535 1098 2604; x_wconf 91' lang='lat' dir='ltr'>innotuit</span> <span class='ocrx_word' id='word_1_55' title='bbox 1112 2551 1225 2604; x_wconf 93' lang='lat' dir='ltr'>orator</span> <span class='ocrx_word' id='word_1_56' title='bbox 1248 2552 1365 2622; x_wconf 75' lang='lat' dir='ltr'>natue,</span> 
     </span>
     <span class='ocr_line' id='line_1_8' title="bbox 301 2649 1365 2735; baseline 0.001 -18"><span class='ocrx_word' id='word_1_57' title='bbox 301 2650 387 2719; x_wconf 87' lang='lat' dir='ltr'>sicut</span> <span class='ocrx_word' id='word_1_58' title='bbox 419 2649 561 2735; x_wconf 91' lang='lat' dir='ltr'>videtur,</span> <span class='ocrx_word' id='word_1_59' title='bbox 589 2671 679 2717; x_wconf 92' lang='lat' dir='ltr'>anno</span> <span class='ocrx_word' id='word_1_60' title='bbox 710 2649 918 2735; x_wconf 91' lang='lat' dir='ltr'>DCLXXX,</span> <span class='ocrx_word' id='word_1_61' title='bbox 953 2650 1035 2734; x_wconf 89' lang='lat' dir='ltr'>sive,</span> <span class='ocrx_word' id='word_1_62' title='bbox 1070 2667 1106 2719; x_wconf 93' lang='lat' dir='ltr'>ut</span> <span class='ocrx_word' id='word_1_63' title='bbox 1137 2650 1193 2718; x_wconf 94' lang='lat' dir='ltr'>alii</span> <span class='ocrx_word' id='word_1_64' title='bbox 1230 2651 1365 2734; x_wconf 90' lang='lat' dir='ltr'>volunt,</span> 
     </span>
     <span class='ocr_line' id='line_1_9' title="bbox 303 2764 1364 2856; baseline -0.001 -22"><span class='ocrx_word' id='word_1_65' title='bbox 303 2764 659 2854; x_wconf 87' lang='lat' dir='ltr'>DCLXC,siveetiam</span> <span class='ocrx_word' id='word_1_66' title='bbox 670 2764 1364 2856; x_wconf 87' lang='lat' dir='ltr'>DCLXCV¹,iamqueannoDCCXXlll</span> 
     </span>
     <span class='ocr_line' id='line_1_10' title="bbox 301 2861 1367 2973; baseline 0 -22"><span class='ocrx_word' id='word_1_67' title='bbox 301 2861 419 2952; x_wconf 83' lang='lat' dir='ltr'>consul</span> <span class='ocrx_word' id='word_1_68' title='bbox 431 2881 466 2950; x_wconf 91' lang='lat' dir='ltr'>in</span> <span class='ocrx_word' id='word_1_69' title='bbox 481 2881 591 2950; x_wconf 91' lang='lat' dir='ltr'>locum</span> <span class='ocrx_word' id='word_1_70' title='bbox 605 2881 746 2949; x_wconf 86' lang='lat' dir='ltr'>Antonii</span> <span class='ocrx_word' id='word_1_71' title='bbox 761 2880 933 2968; x_wconf 89' lang='lat' dir='ltr'>suffectus,</span> <span class='ocrx_word' id='word_1_72' title='bbox 950 2904 1018 2950; x_wconf 92' lang='lat' dir='ltr'>non</span> <span class='ocrx_word' id='word_1_73' title='bbox 1033 2881 1165 2951; x_wconf 90' lang='lat' dir='ltr'>iuvenis</span> <span class='ocrx_word' id='word_1_74' title='bbox 1179 2881 1290 2951; x_wconf 89' lang='lat' dir='ltr'>vocari</span> <span class='ocrx_word' id='word_1_75' title='bbox 1306 2905 1367 2973; x_wconf 91' lang='lat' dir='ltr'>po-</span> 
     </span>
     <span class='ocr_line' id='line_1_11' title="bbox 301 2996 1366 3090; baseline 0 -23"><span class='ocrx_word' id='word_1_76' title='bbox 301 3015 363 3067; x_wconf 91' lang='lat' dir='ltr'>test</span> <span class='ocrx_word' id='word_1_77' title='bbox 388 3014 464 3090; x_wconf 88' lang='lat' dir='ltr'>post</span> <span class='ocrx_word' id='word_1_78' title='bbox 485 2997 618 3089; x_wconf 88' lang='lat' dir='ltr'>Vergilii</span> <span class='ocrx_word' id='word_1_79' title='bbox 639 3014 796 3066; x_wconf 89' lang='lat' dir='ltr'>mortem.</span> <span class='ocrx_word' id='word_1_80' title='bbox 826 2997 967 3066; x_wconf 88' lang='lat' dir='ltr'>Duobus</span> <span class='ocrx_word' id='word_1_81' title='bbox 988 3021 1067 3066; x_wconf 91' lang='lat' dir='ltr'>vero</span> <span class='ocrx_word' id='word_1_82' title='bbox 1088 2996 1164 3066; x_wconf 89' lang='lat' dir='ltr'>filiis</span> <span class='ocrx_word' id='word_1_83' title='bbox 1184 2997 1366 3067; x_wconf 86' lang='lat' dir='ltr'>Messallae</span> 
     </span>
     <span class='ocr_line' id='line_1_12' title="bbox 301 3113 1363 3205; baseline -0.003 -20"><span class='ocrx_word' id='word_1_84' title='bbox 301 3115 437 3186; x_wconf 93' lang='lat' dir='ltr'>Corvini</span> <span class='ocrx_word' id='word_1_85' title='bbox 448 3137 487 3184; x_wconf 91' lang='lat' dir='ltr'>ea</span> <span class='ocrx_word' id='word_1_86' title='bbox 498 3137 561 3183; x_wconf 87' lang='lat' dir='ltr'>vox</span> <span class='ocrx_word' id='word_1_87' title='bbox 570 3115 738 3202; x_wconf 87' lang='lat' dir='ltr'>convenit,</span> <span class='ocrx_word' id='word_1_88' title='bbox 748 3137 893 3205; x_wconf 91' lang='lat' dir='ltr'>quorum</span> <span class='ocrx_word' id='word_1_89' title='bbox 907 3131 987 3183; x_wconf 93' lang='lat' dir='ltr'>natu</span> <span class='ocrx_word' id='word_1_90' title='bbox 1000 3114 1207 3183; x_wconf 92' lang='lat' dir='ltr'>maioranno</span> <span class='ocrx_word' id='word_1_91' title='bbox 1221 3113 1363 3183; x_wconf 87' lang='lat' dir='ltr'><strong>DCCLI</strong></span> 
     </span>
     <span class='ocr_line' id='line_1_13' title="bbox 301 3229 1364 3322; baseline -0.003 -21"><span class='ocrx_word' id='word_1_92' title='bbox 301 3231 418 3301; x_wconf 92' lang='lat' dir='ltr'>consul</span> <span class='ocrx_word' id='word_1_93' title='bbox 435 3230 515 3316; x_wconf 85' lang='lat' dir='ltr'>fuit3</span> <span class='ocrx_word' id='word_1_94' title='bbox 532 3231 590 3319; x_wconf 91' lang='lat' dir='ltr'>qui</span> <span class='ocrx_word' id='word_1_95' title='bbox 609 3252 688 3320; x_wconf 87' lang='lat' dir='ltr'>ergo</span> <span class='ocrx_word' id='word_1_96' title='bbox 703 3252 810 3315; x_wconf 91' lang='lat' dir='ltr'>anno,</span> <span class='ocrx_word' id='word_1_97' title='bbox 826 3252 893 3319; x_wconf 95' lang='lat' dir='ltr'>quo</span> <span class='ocrx_word' id='word_1_98' title='bbox 907 3230 973 3298; x_wconf 88' lang='lat' dir='ltr'>vita</span> <span class='ocrx_word' id='word_1_99' title='bbox 989 3231 1165 3299; x_wconf 86' lang='lat' dir='ltr'>defunctus</span> <span class='ocrx_word' id='word_1_100' title='bbox 1181 3247 1229 3298; x_wconf 90' lang='lat' dir='ltr'>est</span> <span class='ocrx_word' id='word_1_101' title='bbox 1241 3229 1364 3322; x_wconf 85' lang='lat' dir='ltr'>Vergi-</span> 
     </span>
     <span class='ocr_line' id='line_1_14' title="bbox 301 3343 1364 3436; baseline -0.003 -20"><span class='ocrx_word' id='word_1_102' title='bbox 301 3348 379 3434; x_wconf 94' lang='lat' dir='ltr'>lius,</span> <span class='ocrx_word' id='word_1_103' title='bbox 396 3343 595 3436; x_wconf 85' lang='lat' dir='ltr'>vigesimum</span> <span class='ocrx_word' id='word_1_104' title='bbox 610 3363 770 3434; x_wconf 92' lang='lat' dir='ltr'>quartum</span> <span class='ocrx_word' id='word_1_105' title='bbox 785 3344 911 3414; x_wconf 87' lang='lat' dir='ltr'>circiter</span> <span class='ocrx_word' id='word_1_106' title='bbox 925 3366 1055 3413; x_wconf 91' lang='lat' dir='ltr'>annum</span> <span class='ocrx_word' id='word_1_107' title='bbox 1070 3344 1203 3436; x_wconf 88' lang='lat' dir='ltr'>agebat.</span> <span class='ocrx_word' id='word_1_108' title='bbox 1229 3345 1364 3413; x_wconf 90' lang='lat' dir='ltr'>Eodem</span> 
     </span>
     <span class='ocr_line' id='line_1_15' title="bbox 298 3459 1362 3552; baseline -0.003 -21"><span class='ocrx_word' id='word_1_109' title='bbox 298 3481 449 3552; x_wconf 90' lang='lat' dir='ltr'>tempore</span> <span class='ocrx_word' id='word_1_110' title='bbox 463 3459 563 3528; x_wconf 90' lang='lat' dir='ltr'>etiam</span> <span class='ocrx_word' id='word_1_111' title='bbox 579 3460 740 3528; x_wconf 90' lang='lat' dir='ltr'>Tibullus</span> <span class='ocrx_word' id='word_1_112' title='bbox 759 3482 838 3528; x_wconf 91' lang='lat' dir='ltr'>eum</span> <span class='ocrx_word' id='word_1_113' title='bbox 857 3478 1022 3550; x_wconf 89' lang='lat' dir='ltr'>tanquam</span> <span class='ocrx_word' id='word_1_114' title='bbox 1035 3459 1101 3528; x_wconf 90' lang='lat' dir='ltr'>XV</span> <span class='ocrx_word' id='word_1_115' title='bbox 1117 3459 1229 3529; x_wconf 91' lang='lat' dir='ltr'>virum</span> <span class='ocrx_word' id='word_1_116' title='bbox 1244 3482 1362 3528; x_wconf 91' lang='lat' dir='ltr'>sacro·</span> 
     </span>
     <span class='ocr_line' id='line_1_16' title="bbox 299 3575 1364 3666; baseline -0.004 -19"><span class='ocrx_word' id='word_1_117' title='bbox 299 3600 377 3648; x_wconf 92' lang='lat' dir='ltr'>rum</span> <span class='ocrx_word' id='word_1_118' title='bbox 394 3575 574 3645; x_wconf 92' lang='lat' dir='ltr'>celebravit</span> <span class='ocrx_word' id='word_1_119' title='bbox 595 3587 621 3644; x_wconf 73' lang='lat'>2.</span> <span class='ocrx_word' id='word_1_120' title='bbox 648 3575 745 3643; x_wconf 91' lang='lat' dir='ltr'>Idem</span> <span class='ocrx_word' id='word_1_121' title='bbox 758 3575 930 3644; x_wconf 87' lang='lat' dir='ltr'>debellatis</span> <span class='ocrx_word' id='word_1_122' title='bbox 954 3575 1109 3666; x_wconf 80' lang='lat' dir='ltr'>Illyricis,</span> <span class='ocrx_word' id='word_1_123' title='bbox 1130 3576 1242 3665; x_wconf 86' lang='lat' dir='ltr'>patria</span> <span class='ocrx_word' id='word_1_124' title='bbox 1263 3575 1364 3645; x_wconf 88' lang='lat' dir='ltr'>laude</span> 
     </span>
     <span class='ocr_line' id='line_1_17' title="bbox 298 3693 1362 3784; baseline -0.002 -19"><span class='ocrx_word' id='word_1_125' title='bbox 298 3694 576 3784; x_wconf 84' lang='lat' dir='ltr'>haudlndignum</span> <span class='ocrx_word' id='word_1_126' title='bbox 596 3716 630 3761; x_wconf 90' lang='lat' dir='ltr'>se</span> <span class='ocrx_word' id='word_1_127' title='bbox 645 3693 820 3784; x_wconf 88' lang='lat' dir='ltr'>praestitit,</span> <span class='ocrx_word' id='word_1_128' title='bbox 833 3716 936 3783; x_wconf 90' lang='lat' dir='ltr'>quem</span> <span class='ocrx_word' id='word_1_129' title='bbox 957 3695 1100 3762; x_wconf 90' lang='lat' dir='ltr'>Tacitus</span> <span class='ocrx_word' id='word_1_130' title='bbox 1119 3694 1153 3762; x_wconf 92' lang='lat' dir='ltr'>in</span> <span class='ocrx_word' id='word_1_131' title='bbox 1170 3694 1362 3770; x_wconf 87' lang='lat' dir='ltr'>Annalium</span> 
     </span>
     <span class='ocr_line' id='line_1_18' title="bbox 299 3809 1362 3901; baseline -0.003 -20"><span class='ocrx_word' id='word_1_132' title='bbox 299 3813 383 3882; x_wconf 92' lang='lat' dir='ltr'>libro</span> <span class='ocrx_word' id='word_1_133' title='bbox 402 3810 498 3880; x_wconf 91' lang='lat' dir='ltr'>tertio</span> <span class='ocrx_word' id='word_1_134' title='bbox 517 3809 562 3879; x_wconf 91' lang='lat' dir='ltr'>ita</span> <span class='ocrx_word' id='word_1_135' title='bbox 585 3809 772 3879; x_wconf 91' lang='lat' dir='ltr'>laudaverit</span> <span class='ocrx_word' id='word_1_136' title='bbox 793 3834 801 3878; x_wconf 90' lang='lat'><strong>:</strong></span> <span class='ocrx_word' id='word_1_137' title='bbox 832 3838 848 3872; x_wconf 76' lang='grc' dir='ltr'>α</span> <span class='ocrx_word' id='word_1_138' title='bbox 872 3810 948 3878; x_wconf 90' lang='lat' dir='ltr'>Val.</span> <span class='ocrx_word' id='word_1_139' title='bbox 972 3811 1143 3897; x_wconf 84' lang='lat' dir='ltr'>Messalla,</span> <span class='ocrx_word' id='word_1_140' title='bbox 1163 3809 1217 3878; x_wconf 92' lang='lat' dir='ltr'>cui</span> <span class='ocrx_word' id='word_1_141' title='bbox 1237 3832 1362 3901; x_wconf 88' lang='lat' dir='ltr'>parens</span> 
     </span>
    </p>
   </div>
   <div class='ocr_carea' id='block_1_3' title="bbox 298 4062 1361 4397">
    <p class='ocr_par' dir='ltr' id='par_1_3' title="bbox 298 4062 1361 4397">
     <span class='ocr_line' id='line_1_19' title="bbox 332 4062 1361 4129; baseline -0.006 -11"><span class='ocrx_word' id='word_1_142' title='bbox 332 4081 353 4118; x_wconf 83' lang='lat' dir='ltr'>t.</span> <span class='ocrx_word' id='word_1_143' title='bbox 370 4066 508 4128; x_wconf 76' lang='lat' dir='ltr'>l&#39;ontaine,</span> <span class='ocrx_word' id='word_1_144' title='bbox 524 4066 564 4117; x_wconf 88' lang='lat' dir='ltr'>De</span> <span class='ocrx_word' id='word_1_145' title='bbox 578 4065 619 4116; x_wconf 89' lang='lat' dir='ltr'>M.</span> <span class='ocrx_word' id='word_1_146' title='bbox 636 4066 694 4116; x_wconf 86' lang='lat' dir='ltr'>Val.</span> <span class='ocrx_word' id='word_1_147' title='bbox 711 4064 842 4116; x_wconf 72' lang='lat' dir='ltr'>Messalla</span> <span class='ocrx_word' id='word_1_148' title='bbox 859 4065 983 4116; x_wconf 75' lang='lat' dir='ltr'>Corvino</span> <span class='ocrx_word' id='word_1_149' title='bbox 1002 4063 1136 4127; x_wconf 84' lang='lat' dir='ltr'>Versaliis‚</span> <span class='ocrx_word' id='word_1_150' title='bbox 1156 4062 1232 4129; x_wconf 76' lang='lat'>1878.</span> <span class='ocrx_word' id='word_1_151' title='bbox 1247 4063 1361 4128; x_wconf 87' lang='lat' dir='ltr'>Appen-</span> 
     </span>
     <span class='ocr_line' id='line_1_20' title="bbox 298 4155 519 4215; baseline -0.005 -8"><span class='ocrx_word' id='word_1_152' title='bbox 298 4159 353 4215; x_wconf 86' lang='lat' dir='ltr'>dix,</span> <span class='ocrx_word' id='word_1_153' title='bbox 370 4160 389 4208; x_wconf 88' lang='grc' dir='ltr'>Ι.</span> <span class='ocrx_word' id='word_1_154' title='bbox 516 4155 519 4162; x_wconf 86' lang='grc'><strong><em>’</em></strong></span> 
     </span>
     <span class='ocr_line' id='line_1_21' title="bbox 330 4244 1239 4312; baseline -0.004 -16"><span class='ocrx_word' id='word_1_155' title='bbox 330 4264 354 4296; x_wconf 87' lang='lat'>2.</span> <span class='ocrx_word' id='word_1_156' title='bbox 452 4248 564 4311; x_wconf 83' lang='lat' dir='ltr'>Phoebe,</span> <span class='ocrx_word' id='word_1_157' title='bbox 576 4247 647 4309; x_wconf 74' lang='lat' dir='ltr'>fave5</span> <span class='ocrx_word' id='word_1_158' title='bbox 672 4261 757 4296; x_wconf 86' lang='lat' dir='ltr'>novus</span> <span class='ocrx_word' id='word_1_159' title='bbox 773 4246 923 4312; x_wconf 85' lang='lat' dir='ltr'>ingreditur</span> <span class='ocrx_word' id='word_1_160' title='bbox 939 4256 981 4296; x_wconf 83' lang='lat' dir='ltr'>tua</span> <span class='ocrx_word' id='word_1_161' title='bbox 998 4246 1096 4310; x_wconf 89' lang='lat' dir='ltr'>templa</span> <span class='ocrx_word' id='word_1_162' title='bbox 1107 4244 1239 4294; x_wconf 86' lang='lat' dir='ltr'>sacerdos.</span> 
     </span>
     <span class='ocr_line' id='line_1_22' title="bbox 1026 4329 1318 4397; baseline -0.017 -14"><span class='ocrx_word' id='word_1_163' title='bbox 1026 4333 1109 4396; x_wconf 81' lang='lat' dir='ltr'>(Tib,</span> <span class='ocrx_word' id='word_1_164' title='bbox 1124 4331 1218 4397; x_wconf 65' lang='lat' dir='ltr'>Eleg„</span> <span class='ocrx_word' id='word_1_165' title='bbox 1235 4331 1267 4391; x_wconf 87' lang='lat' dir='ltr'>ll,</span> <span class='ocrx_word' id='word_1_166' title='bbox 1283 4329 1318 4392; x_wconf 70' lang='lat'>5.)</span> 
     </span>
    </p>
   </div>
   <div class='ocr_carea' id='block_1_4' title="bbox 0 0 1574 5072">
    <p class='ocr_par' dir='ltr' id='par_1_4' title="bbox 0 0 1574 5072">
     <span class='ocr_line' id='line_1_23' title="bbox 0 0 1574 5072; baseline 0 0"><span class='ocrx_word' id='word_1_167' title='bbox 0 0 1574 5072; x_wconf 95' lang='lat' dir='ltr'> </span> 
     </span>
    </p>
   </div>
  </div>
 </body>
</html>
