3134 5082
553 527 602 578 DE
620 525 796 580 'CARMINE
821 527 916 580 clnls
1217 529 1260 582 21

201 656 268 738 bus
283 654 440 738 tradidit;
456 654 689 746 unusquisque
699 657 886 727 orationem
901 679 1000 727 suam
1015 657 1136 730 alienis‘
1145 660 1266 750 opibus

202 770 393 854 decoravit:
415 789 502 861 quas
525 786 641 840 tamen
665 771 735 863 ipse
760 763 963 862 plerumque
983 773 1134 862 quodam
1162 773 1266 842 modo

201 902 334 956 mutare
348 903 380 955 et
395 885 601 977 amplificare
615 886 813 955 conabatur.
831 886 941 956 Laudi
957 886 1102 956 ducebat
1116 889 1265 979 optimus
1338 893 1340 898 '

201 1005 346 1095 quisque
361 1018 393 1070 et
404 999 661 1070 veterumuicta
676 1001 711 1069 in
725 1001 928 1069 memoriam
943 1001 1081 1091 legentis
1093 1024 1262 1091 revocare,

201 1135 234 1187 et
246 1139 328 1188 cum
342 1116 389 1186 eis
408 1115 507 1205 quasi
523 1132 691 1184 certamen
707 1116 805 1203 inire,
815 1116 898 1185 dum
912 1117 1013 1186 rebus
1025 1116 1088 1186 sibi
1100 1119 1192 1188 velut
1203 1119 1263 1189 he-

201 1234 343 1320 reditate
358 1231 477 1302 relictis
495 1230 617 1300 melius
628 1231 674 1300 uti
689 1253 724 1300 se
738 1231 941 1300 confidebat.
954 1231 1070 1320 Quare
1085 1234 1127 1304 P.
1143 1235 1262 1305 Maro-

201 1371 280 1418 nem
295 1371 362 1416 non
373 1347 587 1418 mediocriter
603 1347 752 1417 laudavit
768 1347 980 1437 Macrobius,
991 1371 1068 1418 cum
1081 1349 1163 1418 haec
1178 1351 1263 1422 dice·

201 1486 251 1540 rer
268 1480 277 1513 ¹
297 1493 305 1538 ε
330 1489 347 1535 u
363 1467 450 1557 Quis
462 1467 573 1537 fraudi
591 1466 741 1559 Vergilio
753 1485 874 1555 vertat,
889 1469 917 1538 si
932 1469 975 1540 ad
994 1470 1214 1540 excolendum
1228 1491 1263 1537 se
1311 1471 1315 1478 '

201 1584 371 1676 quaedam
382 1583 426 1652 ab
439 1581 684 1673 antiquioribus
699 1599 875 1653 mutuatus
889 1584 954 1653 sit?
969 1583 1033 1655 Cui
1043 1585 1144 1656 etiam
1156 1587 1263 1678 gratia

200 1701 267 1770 hoc
286 1699 422 1769 nomine
441 1698 598 1768 habenda
621 1714 672 1767 est
687 1699 780 1788 quod
799 1700 962 1770 nonnulla
983 1702 1027 1771 ab
1040 1702 1105 1772 illis
1126 1703 1262 1794 inopus

200 1835 318 1900 suum,
333 1812 426 1902 quod
437 1827 573 1880 aeterno
584 1833 786 1882 mansurum
796 1830 863 1899 est‚-
870 1813 1114 1903 transferendo,
1129 1815 1204 1887 fecit
1219 1841 1262 1888 ne

199 1931 341 1999 omnino
357 1929 522 1998 memoria
543 1946 695 1998 veterum
716 1930 894 2000 deleretur.
916 1932 1069 2022 Denique
1087 1951 1121 2004 et
1135 1934 1260 2004 iudicio

200 2045 422 2116 transferendi
441 2064 473 2114 et
487 2046 592 2115 modo
608 2046 762 2116 imitandi
785 2065 982 2117 consecutus
1009 2066 1077 2137 est·‚
1095 2065 1144 2135 ut,
1165 2049 1257 2140 quod

197 2163 290 2254 apud
313 2162 410 2232 illum
434 2161 613 2252 legerimus
637 2161 800 2249 alienum,
816 2180 874 2232 aut
890 2162 977 2233 illius
993 2186 1065 2234 esse
1082 2165 1256 2252 malimus,

198 2296 258 2348 aut
271 2277 393 2347 melius
407 2276 473 2365 hic,
493 2298 597 2367 quam
612 2277 670 2356 ubi
686 2294 806 2346 natum
822 2295 883 2366 est,
905 2299 1026 2349 sonare
1042 2279 1218 2350 miremur.
1237 2309 1253 2344 r>

243 2393 404 2464 Ceterum
425 2393 502 2478 hoc,
521 2393 582 2462 etsi
601 2393 699 2462 nobis
719 2393 915 2466 mirandum
938 2393 1083 2482 videtur,
1098 2396 1261 2488 exemplis'

200 2527 418 2580 summorum
440 2509 587 2601 Augusti
612 2509 730 2579 aetatis
756 2527 934 2600 poetarum
961 2511 1192 2581 confirmatur.
1223 2511 1259 2582 Si

199 2625 280 2716 quid
300 2626 403 2696 semel
424 2643 511 2694 recte
530 2625 735 2712 dictumest,
755 2624 789 2693 id
807 2625 914 2716 perire
936 2647 1004 2696 non
1023 2625 1151 2712 sinunt,
1167 2625 1262 2696 ideo·

198 2766 275 2834 que,
295 2742 425 2832 quoties
447 2765 500 2810 res
522 2743 641 2811 eadem
660 2741 881 2833 significanda
904 2758 967 2828 est,
983 2741 1117 2832 saepius
1139 2742 1263 2810 eadem·

197 2859 303 2928 verba·
326 2875 505 2948 usurpant.
538 2859 572 2925 A
595 2857 756 2948 Vergilio,
788 2875 1024 2948 praeterquam
1049 2857 1141 2947 quod
1171 2879 1264 2947 qua-·

196 2975 352 3066 draginta
380 2972 449 3043 fere
479 2985 595 3042 versus
618 2989 749 3041 mutato
778 2994 847 3041 uuo
871 2989 1004 3042 tantum
1035 2972 1138 3042 verbo
1160 2995 1263 3063 repe-=

194 3107 327 3177 tuntur‚
358 3089 499 3158 totidem
524 3111 566 3158 ne
594 3109 663 3156 uno
690 3087 829 3178 quidem
860 3087 964 3158 verbo
989 3104 1139 3174 mutato,
1171 3089 1257 3160 inter

195 3229 283 3298 quos
299 3205 450 3274 continui
465 3205 568 3275 etiam
584 3205 695 3295 plures
714 3204 836 3274 iterum
854 3220 1036 3273 sumuntur
1049 3214 1075 3272 ².
1099 3205 1179 3276 Non
1192 3203 1254 3272 ali-

195 3340 245 3392 ter
264 3322 329 3414 egit
347 3321 523 3411 aliquoties
541 3321 706 3391 Horatius
721 3321 733 3367 3
753 3319 868 3412 etipse
882 3318 1041 3407 Ovidius,
1062 3319 1120 3410 qui
1136 3341 1253 3410 quam-

195 3436 246 3506 vis
265 3437 387 3530 ingenii
409 3437 558 3507 maxima
577 3437 748 3528 praeditus
769 3437 812 3507 sit
836 3438 1000 3521 ubertate,
1016 3455 1130 3508 tamen
1155 3459 1253 3529 prae-

196 3571 246 3623 ter
265 3572 373 3625 cetera
391 3573 500 3626 totum
516 3578 664 3642 versum,
679 3555 787 3624 immo
806 3555 875 3626 duo
890 3554 1067 3625 continuos
1083 3577 1254 3626 nonnum-

194 3690 301 3760 quam
316 3670 385 3741 suis
403 3672 613 3744 carminibus
627 3671 679 3743 bis
693 3671 807 3742 inserit
820 3689 847 3740 4.

230 3936 252 3972 1.
268 3921 359 3982 Matr„
375 3921 446 3982 Sat„
462 3921 505 3983 vl,
525 3937 546 3972 1.

226 4027 252 4060 2.
268 4009 309 4061 cf.
323 4010 413 4076 Verg.‚
431 4010 569 4077 Forblger.
584 4011 657 4066 Ecl..
674 4011 699 4071 5,
716 4011 757 4076 37.
900 4073 907 4092 ι

229 4095 254 4146 3.
271 4100 298 4147 S.
314 4100 333 4160 l,
352 4113 378 4156 2.
395 4097 427 4147 23
449 4110 474 4149 et
494 4102 524 4150 A.
541 4100 571 4149 Ρ.
589 4115 658 4165 421;
673 4100 701 4150 S.
718 4101 737 4163 l,
754 4106 779 4162 2',
795 4116 829 4166 27
847 4111 872 4151 ct
886 4103 912 4150 S.
926 4101 945 4157 l.
961 4117 987 4165 4,
1003 4118 1052 4166 q2;
1069 4101 1094 4151 S.
1112 4103 1144 4167 ll,
1161 4103 1185 4167 3,
1205 4105 1253 4156 163

193 4198 220 4239 et
243 4188 302 4254 Epl.
320 4189 338 4249 1,
355 4187 381 4252 6,
397 4190 444 4254 283
469 4189 502 4242 Ο.
525 4191 545 4254 1,
567 4205 607 4258 19,
633 4205 642 4240 1
667 4199 693 4241 et
707 4189 751 4248 lV,
777 4205 799 4254 r,
823 4191 837 4241 5
858 4197 952 4254 (mater
970 4207 1047 4243 saeva
1066 4183 1253 4261 Cupidinum).

194 4278 306 4342 Teuffel,
327 4278 414 4330 Ueber
430 4279 479 4338 Η..
496 4294 522 4344 p.
538 4279 577 4329 18.

227 4389 253 4433 4.
271 4373 303 4420 Α.
319 4372 350 4421 lt.
365 4371 497 4436 Zingerle,
515 4371 636 4423 Ovidius.
651 4371 809 4430 lnnsbruck,
830 4374 907 4438 1871.
