3134 5082
540 569 588 617 ua
614 565 780 618 cunutus
805 565 898 614 crtus
1229 564 1251 636 9

194 695 262 767 Sed
278 715 392 766 nostro
417 714 535 788 poetae
549 696 618 765 veri
639 695 780 764 similius
804 712 853 762 est
871 692 1024 782 exemplo
1037 691 1141 760 luisse
1166 691 1253 760 Par·

118 891 121 900 ¹
192 811 346 884 thenium
363 811 567 900 Nicaenum‚
583 832 685 901 quem
701 808 881 880 Suetonius
896 829 975 876 cum
992 805 1207 897 Euphorione
1221 821 1253 874 et

196 929 331 999 Rhiano
351 911 626 1009 unal'audavit1;
643 943 675 995 et
689 949 708 995 a
723 947 805 1014 quo,
820 941 955 994 auctore
970 922 1162 1011 Macrobio,
1174 945 1250 992 ver-

193 1068 250 1114 sus
271 1044 402 1134 aliquos
416 1060 645 1134 assumpserat
662 1039 828 1132 Vergilius
841 1051 866 1109 ².
894 1041 928 1108 Is
944 1040 1034 1109 enim
1055 1061 1125 1107 non
1149 1039 1252 1109 modo

193 1161 279 1231 inter
293 1185 349 1230 sex
366 1178 397 1230 et
411 1161 545 1253 triginta
562 1165 718 1252 antiquas
731 1160 877 1246 fabulas,
892 1178 1038 1248 quarum
1052 1171 1253 1247 argumenta

195 1278 300 1349 Corn.
321 1276 422 1346 Gallo
441 1295 560 1368 poetae
585 1276 727 1367 scripsit,
755 1275 997 1344 nonnullarum
1025 1271 1175 1341 eiusdem
1195 1292 1264 1361 ge-.

199 1395 288 1463 neris
307 1393 513 1463 mentionem
542 1391 636 1478 lecit3
657 1393 715 1460 sed
735 1392 805 1483 ipse
824 1392 858 1459 in
882 1388 1205 1482 Metamorplroseou
1219 1385 1254 1454 li-

197 1510 361 1578 brocam
387 1508 565 1577 materiam
593 1507 765 1598 attigerat,
788 1506 880 1598 quod
910 1529 950 1574 ex
980 1504 1157 1573 Eustathio
1185 1503 1255 1572 dis·

196 1626 293 1712 citur,
316 1626 360 1693 ad
380 1623 534 1716 Dionysii
555 1625 748 1715 Periegetae
769 1646 904 1693 versum
925 1644 995 1712 420
1020 1648 1027 1691 :
1052 1627 1146 1698 Μίνως
1159 1624 1255 1684 λαθὼν
1297 1706 1299 1712 ¹

197 1745 232 1806 τὰ
244 1746 363 1824 Μέγαρα
376 1744 422 1804 διὰ
442 1743 578 1819 Σκύλλης
589 1749 640 1820 τῆς
654 1745 752 1819 Νίσου,
768 1743 904 1824 θυγατρδς
919 1742 1083 1824 ἐρασθείσης
1105 1740 1187 1802 αὐτοῦ
1207 1741 1255 1802 καὶ

197 1858 395 1936 ἀποταμούσης
408 1861 459 1937 τὴν
472 1863 518 1921 τού
533 1859 640 1941 πατρδς
650 1860 776 1939 κεφαλὴν
792 1855 895 1946 (quod
913 1855 947 1923 ln
967 1854 1100 1924 scholiis
1116 1855 1162 1924 lta
1177 1855 1255 1948 legl-

197 1992 250 2043 tur
264 1981 315 2052 τῆς
331 1976 458 2055 κεφαλῆς
468 1981 515 2037 τού
530 1976 635 2058 πατρὸς
651 1977 697 2037 τδν
713 1978 846 2058 μόρσιμον
867 1977 1014 2053 πλόκαμον
1031 1975 1079 2036 καὶ
1098 1976 1186 2048 οὕτως
1205 1973 1257 2035 αύ-

196 2094 241 2156 τδν
255 2089 417 2174 προδούσης)
443 2093 603 2168 ἐνενοήσατο
618 2095 660 2153 aa
674 2093 692 2168 ἡ
706 2093 751 2153 τδν
765 2094 875 2174 πατέρα
884 2093 1022 2174 προδοῦσα
1035 2091 1143 2164 ούδὲνος
1158 2095 1190 2152 ἂν
1205 2091 1257 2174 ῥα·

196 2203 264 2278 δίως
277 2206 407 2286 φείδοντο,
421 2208 470 2270 καὶ
493 2208 538 2269 διὰ
561 2213 640 2270 τοῦτο
654 2210 812 2290 προσδήσας
826 2209 957 2288 πηδαλίῳ
979 2209 1045 2285 νηδς
1068 2210 1118 2285 τὴν
1131 2210 1258 2291 προδότιν

195 2321 243 2383 καὶ
257 2324 437 2405 πατρσρύντιν
451 2321 540 2402 ἀφῆκε
554 2324 681 2405 σύρεσθαι
703 2323 747 2383 διὰ
767 2325 912 2400 θαλάσσης
929 2323 977 2386 καὶ
999 2322 1069 2400 αύτὴ
1089 2326 1138 2402 μὲν
1153 2323 1195 2398 εἰς
1207 2325 1259 2408 ep·

195 2459 253 2501 νεον
277 2439 449 2518 μετεύληθη,
475 2441 514 2512 ὥς
528 2460 592 2518 φησι
612 2440 763 2520 Παρθένιος
790 2441 804 2500 ci
823 2441 874 2512 τὰς
898 2442 1135 2521 Μεταμορφώσεις
1153 2444 1260 2523 γράψαι

197 2557 362 2636 λεγόμενος,
381 2557 395 2618 ὁ
414 2557 450 2618 ’δὲ
469 2556 578 2630 κόλπος
606 2552 817 2642 (Saronicum
849 2553 962 2623 sinum
986 2551 1078 2643 dicit,
1104 2553 1258 2645 idemque

197 2669 288 2761 apud
306 2669 475 2760 Euripidis
503 2668 726 2739 Scholiastam
747 2669 780 2738 in
800 2671 874 2738 loco
898 2692 999 2758 supra
1019 2670 1108 2739 dicto
1132 2670 1258 2740 inveni·

197 2785 285 2878 mus)
311 2789 610 2871 παραγραμματισθεὶς
642 2788 708 2866 ἔσχε
743 2790 792 2865 τὴν
827 2789 926 2865 κλῆσιν
955 2788 1012 2850 aiala
1041 2793 1087 2850 τού
1117 2789 1255 2870 σύρεσθαι.

200 2902 353 2973 Forsitan
377 2903 527 2971 eiusdem
553 2919 602 2971 est
622 2902 704 2971 illud
730 2924 863 2993 quoque
878 2908 1030 2988 πορφυρέην
1050 2905 1143 2983 ἤμησε
1156 2908 1257 2988 aperta,

197 3019 293 3110 quod
308 3017 431 3088 Suidas
449 3017 586 3087 tradidit
599 3023 623 3084 ³.

251 3136 376 3204 Noster
388 3133 488 3226 igitur
507 3157 588 3202 sane
607 3133 738 3202 videtur
755 3134 904 3203 imitatus
922 3158 993 3204 esse
1013 3157 1101 3226 opus
1122 3135 1263 3204 Parthe-

205 3251 264 3338 nii,
279 3274 348 3342 quo
367 3250 452 3320 duce
469 3251 568 3322 etiarn
584 3273 666 3320 usus
682 3267 732 3319 est
751 3250 855 3321 Corn.
876 3249 997 3322 Gallus
1015 3268 1047 3320 et
1066 3250 1206 3322 forsitan
1226 3250 1263 3319 in

198 3527 291 3592 Eurip.
312 3525 401 3576 Schol.
431 3523 480 3577 Ed.
506 3522 630 3583 Dindorf‚
655 3522 701 3572 ubi
719 3521 801 3572 Nisus
827 3520 926 3571 dicitur
950 3525 1052 3586 χρυσοῦν
1075 3521 1193 3580 πλόκαμον
1217 3519 1266 3570 ha-

197 3617 297 3676 buisse,
318 3625 344 3667 et
367 3614 425 3665 eius
439 3612 493 3663 filia
506 3628 521 3663 a
536 3612 609 3663 Mino
625 3612 684 3663 navi
708 3611 827 3676 alligata,
848 3622 991 3676 postquam
1015 3610 1043 3660 in
1067 3621 1141 3661 mare
1157 3607 1263 3668 cecidit,

201 3705 314 3756 monstri
328 3703 441 3770 liguram
457 3702 615 3767 sumpsisse,
627 3702 709 3765 θηρίον
726 3705 849 3760 γενομένη.

231 3784 252 3842 ι’.
266 3791 338 3842 Fecit
349 3801 375 3842 et
388 3805 478 3856 graeca
489 3797 610 3854 poemata
625 3787 746 3838 imitatus
759 3787 961 3854 Euphorionem
973 3799 998 3839 et
1012 3787 1149 3840 Rhianum
1164 3795 1191 3838 et
1204 3787 1262 3838 Par·

198 3882 331 3934 thenium.
347 3881 437 3939 Suet,
450 3880 521 3943 Tib„
537 3881 616 3932 LXX.

228 3989 253 4022 2.
271 3973 361 4035 Mam,
382 3970 413 4033 V,
437 3984 479 4036 17.
502 3969 544 4022 Cf.
565 3973 597 4022 Α.
617 3971 685 4029 Gal..
697 3972 765 4029 Xlll,
782 3969 814 4020 25
835 3971 951 4034 ιγλαύκῳ
963 3973 1002 4016 καὶ
1021 3971 1097 4034 Nuper
1112 3970 1151 4014 καὶ
1167 3966 1262 4031 εἰναλίῳ

198 4063 328 4129 Μελικέρτῃ
345 4074 407 4108 eum
422 4074 529 4110 versum
545 4060 681 4127 Vergilius
693 4061 843 4112 aemulatus
858 4069 907 4110 est.

232 4148 255 4200 3.
271 4150 416 4208 Meinecke,
433 4149 513 4200 Anul.
528 4151 622 4216 Alex„
640 4167 666 4216 p.
682 4151 744 4200 255.
760 4179 789 4188 -
806 4149 979 4200 Parthenium
1003 4147 1149 4198 Nicaenum
1163 4145 1265 4212 proba-

197 4239 251 4306 bile
264 4248 304 4290 est
318 4239 433 4290 Romam
447 4239 558 4290 ductum
573 4239 668 4301 fuisse,
679 4249 824 4306 postquam
839 4240 937 4290 Nicaea
952 4239 981 4288 in
999 4235 1126 4303 Bithynia
1139 4249 1155 4286 a
1166 4234 1263 4299 Barba,

197 4329 302 4378 Luculli
315 4329 410 4395 legato,
435 4337 511 4394 capta
527 4338 566 4380 est
582 4345 655 4380 anno
676 4330 709 4381 U.
734 4329 763 4380 C.
783 4329 844 4380 681.
861 4328 990 4394 Elegeias,
1004 4325 1184 4392 aphroditen,
1196 4325 1264 4375 hre-

197 4429 238 4470 tes
255 4419 409 4469 encomium
421 4427 448 4469 ct
462 4419 546 4470 multa
560 4419 612 4470 alia
622 4419 807 4485 composuisse
821 4427 953 4469 narratur.
