3140 5072
534 511 582 560 ur
609 511 776 561 caninus
803 508 900 558 etms
1198 511 1247 584 47

186 639 341 708 rissimos
364 638 514 728 quidem,
530 659 598 706 non
621 655 733 706 tamen
761 657 867 725 aeque
890 634 1080 726 frequentes
1106 658 1145 704 ac
1172 654 1251 704 sunt

187 756 281 846 apud
300 755 386 824 Ciris
401 769 573 822 auctorem
591 775 654 842 pro
675 773 818 820 numero
832 750 935 819 totius
953 751 1062 841 operis
1077 775 1247 823 versuum.

233 871 340 938 Aliud
360 885 409 938 est
428 868 528 936 etiam
550 871 602 956 (ne
627 867 770 934 minima
793 863 1000 953 omittamus)
1027 889 1096 957 quo
1120 867 1252 939 differre

190 986 244 1055 hic
259 985 390 1054 videtur
409 1007 428 1052 a
448 983 562 1051 ceteris
581 982 668 1050 illius
687 980 850 1072 temporis
869 979 1112 1072 scriptoribus3
1131 1006 1252 1078 nempe

191 1102 285 1192 apud
312 1122 391 1168 eum
421 1097 553 1187 saepius
587 1097 746 1165 continua
778 1096 830 1164 vel
870 1096 939 1165 duo
968 1099 1020 1166 vel
1051 1099 1114 1168 tria
1149 1101 1251 1170 verba
1358 1155 1361 1161 .

191 1217 311 1285 eadem
331 1215 448 1283 littera'
463 1232 521 1281 aut
535 1213 654 1281 iisdem
674 1211 790 1281 litteris
809 1211 984 1302 incipiunt.
1007 1213 1121 1283 Dictas
1135 1238 1191 1284 eas
1205 1217 1253 1286 al-

192 1331 408 1399 litterationes
436 1346 566 1398 constat
594 1327 686 1418 apud
710 1327 838 1418 priores
865 1345 1017 1397 auctores
1040 1327 1252 1420 abundasse,

192 1446 386 1536 permodice
404 1467 484 1513 vero
503 1445 541 1512 iis
568 1466 687 1512 omnes
706 1466 726 1511 a
750 1442 873 1511 Catulli
896 1461 1047 1534 tempore
1062 1468 1141 1514 usos
1159 1469 1252 1534 esse3

191 1570 316 1637 scilicet
331 1585 389 1637 aut
402 1568 434 1636 in
452 1566 603 1634 formulis
622 1564 808 1634 dictionum
824 1565 929 1634 autin
949 1567 1161 1637 cumulandis
1179 1591 1253 1638 ver-

192 1687 244 1754 bis
260 1708 378 1754 sensus
397 1683 565 1774 comparis
590 1683 659 1751 sive
683 1681 865 1751 consimilis
889 1700 948 1752 aut
973 1705 1032 1774 per
1046 1705 1253 1773 paronoma-

192 1802 267 1870 sian
278 1808 300 1870 ¹.
318 1801 422 1890 Apud
436 1797 622 1889 Vergilium
640 1813 754 1867 autem
769 1820 916 1888 maguus
937 1815 987 1867 est
1006 1821 1168 1868 numerus
1179 1822 1253 1869 ver-

193 1939 295 1987 suum
310 1916 368 1984 ubi
382 1916 501 1984 eadem
519 1916 626 1984 littera
649 1913 814 2003 incipiunt
829 1914 988 1983 continua
1003 1915 1119 2001 verba,
1135 1932 1167 1984 et
1182 1938 1251 1984 non

194 2034 297 2103 semel
311 2049 450 2124 apparet
465 2053 544 2099 eum
561 2029 726 2099 eiusmodi
742 2051 843 2098 sonos
858 2029 999 2098 libenter
1012 2031 1226 2120 exquisivisse
1243 2057 1251 2102 :

195 2148 288 2238 apud
308 2165 433 2215 ceteros
450 2163 566 2213 contra
586 2146 691 2240 multo
707 2145 883 2234 pauciores
896 2162 975 2214 sunt
989 2145 1253 2234 allitterationes‚

195 2282 228 2331 et
247 2263 399 2331 fortuitas
421 2284 478 2329 eas
496 2256 636 2328 omnino
659 2283 730 2330 esse
744 2259 839 2328 facile
859 2259 1038 2350 intelleges.
1056 2261 1159 2350 Apud
1173 2284 1253 2330 nos-

194 2399 286 2449 trum
301 2401 380 2447 vero
394 2395 464 2446 tam
481 2378 616 2447 crebrae
635 2394 713 2446 sunt
726 2399 830 2466 quam
849 2377 941 2466 apud
961 2377 1156 2446 Lucretium
1175 2378 1257 2446 etin

196 2495 403 2564 carminibus
434 2495 639 2585 quibusdam
664 2495 812 2580 Catulli3
838 2495 965 2563 accedit
997 2494 1088 2585 quod
1124 2493 1257 2584 saepius

194 2613 314 2680 eadem
347 2612 452 2680 littera
493 2612 586 2679 aliter
622 2611 760 2700 repetita
795 2631 912 2678 versus
947 2610 1075 2698 aliquot
1106 2609 1257 2679 duriores

194 2727 300 2795 effecti
330 2743 425 2814 sunt3
454 2727 535 2794 baec
562 2742 640 2794 sunt
659 2725 759 2794 buius
787 2724 917 2816 generis
938 2723 1089 2814 exempla
1111 2723 1257 2793 maxime
1318 2775 1321 2782 ·

194 2846 356 2915 notabilia
373 2871 380 2914 :

350 3089 493 3154 Cecropius
508 3102 601 3138 suaves
615 3087 755 3152 exspirans
776 3085 902 3136 hortulus
916 3101 1003 3137 auras.

929 3176 972 3235 tV·
991 3174 1026 3236 3·)

352 3295 421 3345 Cum
433 3295 499 3346 levis
513 3295 613 3346 alterno
629 3295 763 3361 zephyrus
777 3293 948 3344 concrebruit
963 3293 1037 3344 Euro

352 3385 384 3434 Et
402 3399 487 3450 prono
503 3385 644 3451 gravidum
657 3384 778 3450 provexit
791 3383 909 3448 pondere
922 3398 1040 3433 currum.

971 3474 1012 3534 (V.
1024 3471 1079 3537 25.)

353 3589 426 3640 Hanc
440 3606 488 3657 pro
500 3606 634 3657 purpureo
649 3606 765 3656 poenam
781 3589 908 3640 scelerata
925 3588 1032 3654 capillo.

664 3681 703 3739 Ν.
721 3680 776 3744 52.)

353 3799 412 3864 [psa
426 3808 528 3849 trucem
545 3799 631 3849 multo
647 3798 769 3849 misceret
784 3797 916 3863 sanguine
929 3806 1053 3862 pontum.

986 3886 1091 3952 (V·76·l

353 4008 386 4059 Et
400 4008 511 4074 cupidos
521 4017 632 4075 quaestu
645 4005 746 4073 passim
760 4005 900 4072 popularet
910 4013 1039 4056 amantes.

972 4092 1016 4156 (V·
1029 4091 1085 4156 78·)

239 4362 262 4397 1.
277 4347 311 4397 L.
330 4346 450 4403 Mueller,
468 4345 507 4395 De
518 4358 547 4394 re
564 4350 635 4404 met„
653 4359 679 4408 p.
697 4341 760 4407 454.
