3140 5072
575 479 625 528 na:
650 477 818 530 canutus
842 477 940 528 crnrs
1242 464 1286 535 55

224 611 284 700 qui
299 609 391 680 Galli
414 609 575 678 carminis
589 601 797 678 mentionem
819 609 896 678 lecit
915 608 1040 677 nullius
1064 609 1127 677 nisi
1151 611 1291 702 Lycori—

225 726 290 812 dis,
319 743 378 794 aut
391 727 510 795 saltem
532 749 570 792 ex
595 724 714 795 Servio
739 725 797 816 qui
817 742 952 794 tantum
977 724 1233 816 Euphorionem
1260 747 1292 797 et

228 841 398 932 Lycorida
426 841 587 931 protulit?
612 839 749 910 Gallum
784 840 884 932 igitur
908 839 995 909 Ciris
1029 858 1201 910 auctorem
1220 865 1293 912 esse

145 1045 151 1052 Ι
227 960 321 1029 nulla
345 960 412 1028 alia
439 983 475 1028 re
502 959 629 1028 inducti
655 976 735 1028 sunt
766 980 804 1028 ut
834 961 1076 1052 opinaremur,
1109 961 1172 1032 nisi
1198 965 1289 1054 quod

224 1098 331 1168 prave
346 1094 478 1166 partem
496 1077 642 1167 Eclogae
656 1093 767 1144 sextae
781 1075 987 1166 interpretati
1001 1095 1091 1144 sunt.

279 1194 382 1263 Hanc
398 1196 562 1286 Eclogam
573 1195 697 1264 Alfeno
711 1195 817 1274 Varo,
829 1193 882 1261 cui
893 1193 962 1261 iam
975 1210 1074 1263 antea
1090 1196 1289 1286 promiserat

225 1335 378 1398 carmen,
391 1311 561 1400 Vergilius
586 1309 729 1390 dicavit3
750 1329 828 1376 cum
851 1324 966 1376 autem
980 1305 1101 1376 Gallus
1123 1333 1288 1380 unacum

225 1437 320 1504 Varo
350 1447 426 1522 post
455 1427 659 1497 Perusinum
687 1425 816 1494 bellum
838 1424 994 1493 triumvir
1013 1425 1103 1516 agris
1127 1426 1287 1494 dividun-

226 1551 279 1618 dis
315 1547 432 1616 fuisset
466 1561 499 1612 et
530 1543 600 1611 iam
626 1560 700 1610 tum
728 1539 844 1608 litteris
871 1539 1025 1625 floreret,
1055 1540 1195 1608 minime
1222 1542 1287 1610 mi-

225 1688 305 1736 rum
330 1681 380 1732 est
407 1659 498 1730 Galli
530 1659 648 1727 laudes
685 1656 718 1725 in
743 1656 864 1723 eodem
892 1677 993 1747 opere
1022 1654 1105 1722 Vari
1131 1656 1289 1725 laudibus

226 1778 405 1846 adiunctas
432 1798 505 1843 esse
530 1792 562 1842 et
590 1775 715 1867 scripta
740 1774 812 1842 eius
840 1774 1055 1864 potissimum
1082 1773 1285 1863 praedicata.

225 1892 330 1983 Quod
357 1891 404 1959 sic
436 1890 543 1959 effecit
572 1915 580 1958 ε
610 1889 744 1959 Silenus
777 1889 918 1959 Chromi
951 1890 1180 1980 Mnasyloque
1209 1913 1288 1980 pas·

225 2008 355 2078 toribus
377 2025 410 2074 et
443 1989 546 2096 Eglae
572 2006 699 2076 Naiadi
734 2007 826 2073 varia
855 2005 968 2092 canit,
1000 2005 1121 2074 mundi
1139 2005 1286 2090 initium,

225 2124 353 2214 priscas
372 2123 537 2214 Pyrrhae,
562 2120 770 2205 Promethei,
795 2120 976 2210 Hylaeque
995 2120 1148 2207 fabulas,
1163 2120 1287 2211 quibus

187 2326 190 2331 Ι
225 2242 320 2311 addit
335 2239 539 2330 Pasiphaen,
555 2239 765 2324 Atalantam,
780 2259 980 2328 sororesque
997 2238 1194 2308 Phaetontis
1210 2263 1217 2321 ;

380 2463 452 2512 Tum
467 2462 536 2512 canit
552 2472 684 2512 errantem
699 2461 829 2512 Permessi
842 2462 876 2510 ad
889 2460 1003 2512 flumina
1017 2462 1125 2512 Gallum

377 2555 468 2604 Aonas
485 2552 514 2602 in
530 2562 638 2602 montes
652 2561 681 2602 ut
697 2551 803 2601 duxerit
817 2567 871 2602 una
887 2567 1022 2616 sororum,

380 2643 470 2708 thue
484 2643 542 2692 viro
556 2642 658 2692 Phoebi
676 2642 777 2692 chorus
790 2641 969 2693 adsurrexerit
985 2643 1084 2704 omnis,

227 2859 259 2910 et
282 2841 408 2910 Linum
425 2841 524 2909 refert
546 2839 648 2909 Gallo
666 2841 817 2908 calamos
835 2840 995 2909 obtulisse
1012 2839 1168 2928 Hesiodi,
1192 2841 1287 2932 eique

223 2959 367 3026 suasisse
382 2974 418 3026 ut
430 2955 581 3051 Grynaei
601 2957 748 3025 nemoris
762 2957 885 3025 diceret
899 2957 1063 3048 originem
1082 2969 1106 3026 ¹.

271 3072 362 3140 Hinc
377 3073 423 3141 ita
438 3072 546 3163 pergit
559 3071 730 3162 Vergilius
752 3096 760 3139 ε

377 3294 449 3354 Quid
465 3293 564 3360 loquor
579 3303 627 3344 aut
642 3293 759 3360 Scyllam
773 3294 842 3355 Nisi,
857 3311 939 3360 quarn
953 3295 1023 3346 lama
1036 3305 1126 3347 secuta
1139 3308 1179 3348 est

377 3383 496 3434 Candida
509 3385 673 3434 succinctam
688 3384 847 3434 latrantibus
861 3385 973 3450 inguina
984 3387 1114 3437 monstris

378 3474 517 3525 Dulichias
529 3488 636 3524 vexasse
651 3484 729 3532 rates,
747 3483 772 3524 et
784 3474 890 3540 gurgite
904 3475 931 3524 in
947 3475 1001 3525 alto

376 3567 409 3621 A.
425 3563 538 3613 timidos
550 3576 645 3614 nautas
659 3563 771 3614 canibus
784 3564 912 3614 lacerasse
925 3564 1048 3623 marinis,

377 3657 431 3704 Aut
447 3664 476 3704 ut
491 3661 608 3703 mutatos
624 3653 703 3704 Terei
719 3655 866 3704 narraverit
875 3664 958 3718 artus,
968 3666 1018 3706 etc.

224 3865 342 3954 Itaque
358 3884 438 3930 sane
451 3859 618 3950 significat
630 3859 763 3927 fabulas
775 3882 861 3950 quas
876 3859 1007 3959 Silenus
1021 3882 1187 3932 memorat
1199 3885 1287 3956 post-

222 4001 325 4067 quam
357 3974 499 4046 Gallum
526 3975 716 4045 admissum
742 3975 776 4043 in
796 3978 977 4045 Musarum
998 3977 1137 4046 chorum
1160 3981 1284 4049 retulit.

222 4092 316 4181 Quid
335 4109 384 4161 est
399 4109 515 4160 tamen
535 4113 596 4159 eur
614 4090 769 4160 credatur
783 4091 990 4163 carminibus
1008 4092 1097 4164 Galli
1111 4097 1152 4166 de
1173 4095 1285 4190 Scylla

259 4329 280 4364 1.
298 4313 387 4378 Verg„
402 4313 478 4371 Rue.⁵
494 4313 538 4371 Vl,
555 4311 651 4380 64-74.
