3134 5082
542 501 592 564 uu
604 551 605 556 ,
617 499 784 552 CARerlE
800 436 905 553 ⁶cirus

197 625 279 702 haee
299 643 442 710 autern:
493 685 494 688 ,

348 792 525 859 Supprimire‚
537 811 553 844 o
570 795 679 862 paulum
693 795 791 846 turbati
805 795 913 846 flamina
929 784 1010 847 veriti.

197 963 282 1032 Item
298 962 381 1032 haec
396 965 514 1034 eadem
533 965 566 1034 in
587 983 728 1057 utroque
748 967 957 1058 reperimus:

351 1160 385 1210 Ut
399 1159 464 1220 vidi,
476 1169 505 1209 ut
521 1161 597 1225 perii,
609 1172 639 1212 ut
653 1175 696 1211 me
712 1161 801 1212 malus
816 1161 927 1212 abstulit
943 1176 1026 1212 error.

756 1251 829 1316 (Ciu,
844 1251 907 1316 430,
921 1262 946 1303 et
961 1253 1036 1310 Buc..
1053 1252 1121 1316 VIll,
1132 1254 1191 1316 41.)

238 1449 285 1514 At
298 1467 337 1516 ea
360 1446 463 1516 verba
476 1447 568 1538 apud
584 1447 841 1540 Vergiliumore
861 1450 1007 1540 pastoris
1026 1474 1105 1521 suos
1119 1473 1253 1523 amores

190 1559 358 1629 narrantis
377 1561 561 1654 simplicius
580 1580 612 1632 et
626 1562 755 1632 facilius
773 1565 897 1653 fluunt,
911 1588 1017 1656 quarn
1036 1567 1070 1636 in
1091 1566 1174 1654 Cui,
1194 1567 1253 1638 ubi

181 1697 289 1766 ¹aegre
304 1677 459 1765 videntur
473 1678 749 1770 praecedentibus
764 1680 942 1750 cohaerere
959 1705 967 1752 :

347 1878 405 1928 Ten
422 1875 490 1942 ego?
505 1891 553 1927 nec
568 1875 669 1926 mirum
687 1876 762 1926 vultu
776 1874 885 1941 decepta
902 1877 999 1941 puella,
1095 1873 1101 1898 ’·

346 1969 381 2020 Ut
396 1967 460 2028 vidi,
475 1976 504 2018 ut
518 1967 592 2032 perii,
606 1975 635 2017 ut
649 1981 692 2016 me
708 1967 794 2017 malus
808 1965 920 2017 abstulit
935 1982 1017 2019 error.

235 2169 335 2238 Adde
350 2168 411 2236 hos
434 2167 577 2257 Eclogae
592 2183 730 2234 octavae
744 2166 920 2235 continuos
937 2191 1052 2237 versus
1074 2191 1081 2236 :

346 2367 473 2429 Praeceps
485 2362 549 2413 aerii
567 2362 674 2427 specula
686 2362 719 2412 de
736 2362 838 2413 montis
855 2362 880 2412 in
897 2363 983 2415 undas

344 2453 467 2515 Deferar;
481 2461 630 2502 extremum
646 2450 698 2500 hoc
709 2465 809 2500 munus
821 2450 962 2502 morientis
978 2451 1074 2503 habeto
1087 2462 1104 2503 ¹.

233 2656 304 2747 Qui
323 2670 472 2724 anostro
496 2650 636 2719 seiuncti
658 2668 748 2736 suut,
773 2668 809 2717 ut
836 2650 863 2718 si
886 2652 962 2740 quis
987 2676 1027 2723 ex
1052 2677 1120 2724 una
1145 2655 1251 2724 fracta

191 2794 327 2866 gemma
351 2770 437 2839 duas
461 2765 605 2836 efficiat:

245 2977 246 2980 ’
345 2941 501 3018 Extrernum
517 2967 568 3018 hoc
578 2983 679 3019 munus
695 2966 838 3019 morientis
851 2967 957 3020 habeto.

915 3059 989 3120 (Cin,
1002 3056 1072 3122 267.)

345 3174 471 3238 Praeceps
486 3173 549 3224 aerii
569 3173 678 3240 specula
691 3174 724 3226 de
741 3174 842 3226 montis
857 3174 944 3226 iisses.

915 3263 992 3329 (Cin,
1011 3263 1081 3328 302.)

232 3463 322 3535 Sexti
338 3487 417 3535 vero
433 3465 605 3535 Aeneidos
622 3467 696 3536 libri
716 3490 755 3536 ex
770 3491 867 3564 versu
883 3469 953 3556 406

345 3663 379 3713 At
394 3676 500 3714 ramum
515 3663 586 3715 hunc
599 3664 694 3731 (aperit
708 3680 812 3716 ramum
828 3667 875 3732 qui
893 3675 965 3720 veste
981 3666 1095 3724 larebat&

92 3919 95 3928 ,
186 3859 241 3930 ille
257 3878 420 3932 natusest
437 3861 574 3935 inCiri:

341 4058 395 4108 Aut
408 4057 479 4109 ferro
492 4058 543 4111 hoc
558 4059 650 4125 (aperit
662 4059 764 4111 ferrum
775 4060 847 4128 quod
861 4069 933 4110 veste
946 4059 1054 4123 latebat)
1069 4067 1087 4108 ².

222 4277 243 4312 ι.
258 4263 333 4320 Βιιο.,
351 4263 420 4326 vrri,
436 4263 479 4332 59.

218 4367 242 4401 2.
256 4350 334 4414 Ciris,
352 4353 413 4402 280.
