3134 5082
292 485 343 558 24
643 461 692 536 un
718 484 885 538 canutus
910 483 1007 536 ottus

290 611 382 681 enim
398 611 536 704 recitata
559 615 716 684 Bucolica
731 615 855 708 ingenti
870 615 985 684 favore
1000 612 1044 680 ab
1059 611 1135 702 ipso
1147 627 1260 702 poeta,
1280 627 1355 680 tum
1394 667 1399 676 .
1455 599 1459 605 ’

290 726 323 794 in
346 749 469 797 scaena
492 750 552 819 per
585 747 737 799 cantores
756 731 871 802 crebro
894 727 1203 823 pronuntiata.esse
1225 727 1355 817 accepi

290 863 381 930 mus,
407 865 447 912 eo
478 843 615 934 quidem
637 868 807 935 successu,
826 864 864 916 ut
880 847 1056 937 quondam
1076 844 1258 915 surrexisse
1275 844 1351 914 uni-

289 980 404 1054 versus
417 960 563 1049 populus
585 977 617 1030 et
641 959 725 1030 forte
744 979 955 1053 praesentem
974 978 1249 1053 spectantemque
1272 959 1354 1029 Ver·

291 1073 409 1164 gilium
429 1093 605 1164 veneratus
619 1100 691 1148 esse
707 1097 862 1149 narretur
886 1091 942 1147 ¹.»
962 1080 1041 1149 Hoc
1060 1078 1095 1148 in
1109 1099 1251 1148 numero
1270 1092 1350 1146 sunt

291 1213 380 1282 quae
392 1207 582 1280 sequuntur
599 1216 608 1263 r

445 1444 581 1497 Caeruleis
596 1461 644 1498 sue
659 1457 726 1498 tecta
740 1463 821 1515 super
835 1449 986 1500 volitaverit
1001 1448 1060 1499 alis.

1015 1538 1089 1598 (Cin,
1105 1536 1160 1602 51.)

443 1651 537 1702 infelix
552 1668 599 1703 sua
617 1663 685 1706 tecta
701 1655 948 1720 supervolitaverit
962 1655 1021 1706 alis.

986 1745 1069 1804 (Duc,
1084 1743 1129 1807 Vl,
1142 1743 1197 1806 81.)

445 1858 596 1910 Concordes
610 1856 699 1908 stabili
713 1854 853 1908 firmarunt
869 1856 982 1907 numine
1001 1856 1105 1908 Parcae.

1078 1947 1155 2012 (Cin,
1175 1945 1245 2013 125.)

444 2063 597 2115 Concordes
612 2063 701 2115 stabili
719 2063 834 2114 fatorum
852 2064 962 2115 nurnine
981 2065 1090 2130 Parcae.

1033 2153 1116 2216 (Bne,
1131 2153 1173 2212 lV,
1187 2157 1241 2220 47.l

447 2270 551 2334 Despue
568 2278 615 2330 ter,
631 2268 726 2333 virgo:
745 2283 858 2319 numero
872 2267 938 2318 deus
952 2267 1054 2334 impare
1072 2269 1177 2334 gaudet.

1077 2356 1154 2423 (Cin,
1172 2355 1247 2422 373.)

576 2471 579 2476 '
600 2471 706 2538 Terque
719 2471 784 2520 haec
796 2470 889 2521 altaria
901 2470 1003 2522 circum

446 2561 568 2626 Effigiem
584 2561 652 2610 duco
668 2576 674 2610 τ
690 2575 802 2610 numero
815 2559 882 2610 deus
898 2560 1001 2626 impare
1018 2561 1124 2627 gaudet.

1034 2651 1118 2714 (Boc,
1139 2651 1206 2710 Vlll,
1224 2653 1279 2718 74)

447 2767 513 2818 Cara
528 2765 598 2815 lovis
607 2763 725 2826 suboles,
736 2778 864 2828 magnum
882 2763 951 2814 lovis
968 2766 1177 2817 incrementum.

1064 2854 1136 2914 ¹‚Cir.,
1157 2855 1232 2922 398.)

445 2972 511 3022 Cara
527 2972 613 3024 Deum
629 2971 747 3032 suboles,
763 2985 891 3036 magnum
909 2971 978 3022 lovis
990 2969 1202 3023 incrementum.

1074 3059 1160 3122 (Duc,
1176 3059 1220 3124 lV,
1236 3061 1292 3127 49.)

446 3178 516 3227 Dum
528 3191 627 3242 queror
637 3187 662 3225 et
676 3174 768 3235 Divos,
780 3187 937 3241 quanquam
950 3173 987 3225 nil
1000 3175 1114 3243 testibus
1128 3174 1183 3226 illis

446 3263 559 3322 Proieci,
574 3274 691 3314 extrema
708 3263 825 3314 moriens
840 3272 929 3312 tamen
947 3262 1079 3328 adloquor
1096 3263 1177 3328 hora;

842 3352 915 3417 (Cin,
930 3350 993 3416 405,
1006 3362 1031 3402 et
1047 3351 1121 3410 But„
1136 3352 1204 3417 Vlll,
1223 3359 1274 3421 tq.)

293 3574 351 3646 ubi
369 3572 471 3644 etiam
495 3575 641 3666 integras
666 3577 847 3644 sententias
866 3572 1037 3664 utriusque
1062 3572 1146 3642 inter
1161 3595 1195 3642 se
1209 3572 1354 3645 omnino

290 3713 469 3784 germanas
482 3690 742 3776 animadvertes,
757 3711 835 3758 cum
852 3690 988 3759 Damon
1003 3689 1124 3777 sidera,
1144 3686 1258 3782 Scylla
1273 3713 1350 3761 ven·

290 3827 342 3880 tos
357 3809 488 3880 invocet
504 3809 605 3879 simili
619 3810 729 3900 figura
740 3834 751 3898 3
764 3808 818 3878 ille
834 3809 922 3878 enim
937 3809 983 3880 ita
998 3807 1113 3900 incipit
1127 3834 1137 3898 τ,

443 4035 566 4100 Nascere,
581 4049 697 4101 praeque
709 4034 780 4086 diem
790 4033 900 4086 veniens
912 4048 969 4102 age,
985 4034 1100 4097 Lucifer,
1115 4035 1235 4099 almum;

325 4332 346 4364 1.
364 4317 397 4365 Ο.
416 4313 544 4373 Ribbeck,
559 4313 599 4364 De
615 4312 669 4364 uita
683 4317 708 4362 el
722 4310 831 4380 scriptis
844 4312 878 4362 P.
900 4312 980 4378 Ver-g.
996 4311 1133 4377 Maronis,
1150 4313 1244 4366 lllllll.
