3140 5072
537 513 585 562 us
611 512 777 574 canutus
803 511 901 562 crtus
1204 485 1251 558 63

186 659 256 730 tur,
270 663 348 710 cum
365 639 751 732 versibusquadraginta
763 658 904 731 septem,
918 636 1114 729 interposita
1125 634 1253 704 Miner-

186 780 251 826 vae
268 756 358 847 pepli
378 754 613 844 descriptione,
630 756 808 824 Messallae
830 755 981 822 libellum
1004 774 1105 823 suum
1123 753 1255 821 dedica·

187 865 294 952 verit,
320 861 473 954 pluribus
503 860 604 930 etiam
637 862 857 930 versibusde
887 860 1011 929 fabulis
1037 859 1256 950 disputaverit

188 982 278 1054 circa
308 976 458 1069 Scyllam
481 976 613 1045 traditis
634 995 666 1045 et
692 978 812 1046 Musas
837 994 1011 1066 postremo
1036 975 1253 1045 invocaverit.

188 1096 283 1164 Tum
302 1091 494 1183 diligentius
509 1075 665 1161 desciibit
678 1093 877 1182 adspectum
896 1092 1066 1180 situmque
1079 1093 1253 1182 Megarae,
1344 1084 1347 1092 ’

188 1226 221 1278 et
240 1227 423 1300 postquam
440 1208 641 1276 memoravit
666 1208 761 1276 initia
781 1208 858 1276 belli
874 1208 1164 1299 diligentiamque,
1186 1229 1255 1295 qua

191 1323 299 1393 Nisus
313 1346 455 1392 aureum
471 1323 633 1413 capillum
648 1320 773 1409 tuetur,
785 1324 916 1416 longius
935 1340 1069 1392 enarrat
1084 1323 1255 1392 ludentem

190 1438 259 1530 pila
273 1438 438 1530 virginem
454 1439 612 1534 iramque·
623 1438 765 1507 lunonis
778 1439 939 1529 Cupidini
957 1439 1123 1507 vindictae
1138 1459 1256 1506 curam

188 1553 423 1650 permittentis.
451 1557 498 1622 Ar
526 1553 649 1622 frustra
676 1554 872 1643 quaerimus
900 1555 1074 1644 quomodo
1103 1556 1256 1646 primum

191 1660 312 1728 Minoa
330 1656 443 1750 Scylla
458 1661 635 1747 amaverit,
651 1677 683 1729 et
697 1683 736 1729 eo
750 1661 992 1752 desperationis
1003 1661 1149 1730 adducta
1163 1663 1206 1731 sit
1219 1680 1257 1732 ut

190 1767 299 1835 scelus
314 1765 563 1835 atrocissimum
576 1767 786 1857 conciperet.¹
799 1767 927 1837 Deinde
942 1767 1040 1838 refert
1058 1785 1160 1858 poeta
1183 1792 1252 1859 quo

190 1899 290 1974 pacto
306 1881 438 1950 facinus
456 1883 613 1973 perficere
638 1883 827 1970 tentaverit,
851 1883 1094 1973 consiliumque
1115 1884 1256 1955 interce·

190 1998 289 2067 dente
302 1999 426 2068 Carme
436 1999 564 2067 nutrice
574 1999 738 2068 distulerit
751 2017 784 2069 et
796 2022 925 2070 venena
937 2017 1072 2090 experta
1084 1999 1125 2068 sit
1140 2024 1147 2068 :
1163 1999 1256 2089 quod

190 2135 273 2181 sane
288 2135 356 2181 non
377 2112 640 2203 excogitavisset,
660 2113 722 2182 nisi
737 2114 911 2205 proposita
931 2113 1103 2182 habuisset
1116 2114 1255 2208 Vergilii

192 2251 232 2297 ac
243 2227 372 2297 Tibulli
387 2229 551 2319 exempla.
568 2230 708 2298 Patrato
723 2247 838 2298 autem
851 2229 1042 2320 parricidio,
1058 2252 1127 2320 quo
1146 2231 1254 2317 vultu,

191 2343 315 2434 quibus
326 2341 434 2411 verbis
448 2343 567 2412 Minoa
584 2345 695 2431 adeat,
709 2363 741 2413 et
759 2345 933 2434 quomodo
952 2347 979 2414 is
993 2346 1156 2416 feminam
1172 2347 1255 2415 reci·

191 2458 262 2548 piat
287 2473 374 2547 quae
391 2479 453 2526 sua
466 2458 572 2548 gratia
594 2461 857 2528 tantum'scelus
873 2460 1060 2548 admiserit,
1079 2462 1114 2530 id
1134 2463 1259 2532 frustra

191 2590 399 2664 exspectatur
418 2597 425 2642 :
441 2573 523 2663 quid
549 2592 664 2643 tamen
692 2576 803 2666 aptius
827 2594 898 2646 erat
923 2579 967 2646 ad
991 2580 1259 2647 commovendos

190 2687 373 2778 legentium
392 2687 547 2756 animos?
564 2687 664 2778 Quae
682 2708 798 2759 secuta
821 2708 900 2760 sunt
923 2709 1076 2783 ereptum
1100 2692 1177 2763 Nisi
1197 2715 1255 2760 ca-

191 2803 313 2896 pillum
326 2804 395 2891 vix,
417 2822 519 2874 utres
535 2806 695 2876 omnibus
714 2826 828 2895 notae,
843 2825 1092 2895 memorantur,
1107 2826 1139 2877 et
1153 2807 1259 2876 conti-

193 2943 263 2991 nuo
293 2919 444 3014 Scyllam
471 2923 652 3011 cernimus,
680 2924 758 2993 navi
781 2925 908 2994 Minois
935 2925 1123 3016 alligatam,
1156 2925 1257 3015 longa

192 3037 344 3108 oratione
360 3061 478 3108 casum
494 3061 593 3109 suum
609 3040 855 3130 deplorantem,
877 3041 1052 3129 mariaque
1077 3056 1109 3108 et
1131 3038 1258 3107 insulas

193 3154 468 3250 perlustrantem,
499 3177 585 3245 quae
610 3155 762 3246 singulae
783 3156 985 3224 nominatim
1005 3171 1255 3247 percensentut.

196 3268 295 3337 Haec
308 3288 489 3361 postquam
513 3270 634 3362 frigide
652 3270 820 3363 descripta
839 3290 931 3359 sunt,
950 3273 1076 3363 duplex
1101 3270 1186 3340 filiae
1200 3293 1260 3362 pa·

196 3383 323 3472 trisque
338 3385 472 3475 copiose
484 3402 641 3455 narratur
656 3386 917 3477 transfiguratio.
934 3387 1059 3476 Ecquis
1077 3409 1147 3455 non
1159 3387 1261 3456 sentit

194 3502 252 3571 illa
266 3502 365 3570 laude
381 3523 520 3570 carmen
534 3501 599 3570 hoc
610 3523 732 3586 carere,
748 3524 853 3592 quam
867 3521 944 3572 ante
963 3502 1081 3572 omnia
1093 3503 1127 3571 in
1146 3502 1259 3592 operi-

195 3617 260 3686 bus
281 3616 422 3685 maximi
445 3617 608 3707 cuiusque
629 3618 753 3709 ingenii
774 3617 997 3707 admiramur,
1014 3619 1072 3688 ubi
1094 3641 1163 3687 non
1186 3641 1260 3688 sese
1295 3685 1299 3694 .

195 3735 352 3804 exhibent
365 3753 478 3827 partes
494 3737 538 3805 ad
551 3735 731 3805 arbitrium
740 3737 910 3829 scriptoris
924 3755 983 3808 aut
997 3755 1162 3829 tanquam
1178 3725 1258 3807 casu

195 3852 288 3920 iuxta
309 3851 449 3942 positae,
466 3852 524 3920 sed
539 3852 694 3921 membra
708 3853 805 3943 paria
823 3871 856 3922 et
874 3872 965 3923 certa
986 3856 1115 3927 ratione
1136 3858 1260 3927 cohae-

194 3966 303 4036 rentia
318 3967 405 4036 unde
426 3989 533 4037 unum
548 3968 731 4059 vivumque
741 3991 863 4060 corpus
879 3970 1057 4042 efficiatur.

240 4079 398 4150 Ceterum
420 4081 640 4150 Alexandrini
667 4105 737 4152 non
766 4085 832 4152 alia
863 4107 899 4153 re
922 4086 1030 4178 magis
1053 4087 1260 4158 excellebant

197 4222 301 4288 quam
321 4198 479 4291 singulari
494 4200 529 4266 in
545 4200 644 4268 rebus
669 4201 885 4291 disponendis
908 4203 1068 4289 artificio3
1095 4204 1186 4294 apud
1202 4227 1260 4272 eos

197 4314 287 4383 enim
313 4337 380 4383 non
408 4315 476 4383 iam
502 4315 666 4405 paulatim
684 4318 820 4418 ¹aequali
846 4319 996 4408 quodam
1017 4336 1131 4389 tenore
1147 4341 1261 4387 secun-
