3134 5082
546 529 596 581 on
620 527 788 582 cantune
813 525 911 580 crnrs
1210 517 1257 602 ²7

112 672 114 676 '
196 661 242 733 ris
256 663 422 747 volucres,
438 658 559 729 scilicet
580 659 751 750 alcyones,
773 674 925 746 noctuas,
952 679 1071 727 corvos
1093 673 1126 727 et
1145 641 1256 727 comi·

196 801 265 850 ces.
291 779 332 847 In
353 776 421 846 Ciri
447 793 563 846 contra
588 774 661 844 aliis
679 775 916 844 tantummodo
937 773 1048 844 verbis
1066 775 1178 844 etalio
1197 796 1255 844 co-

197 895 267 964 lore
281 891 454 984 repetitur,
466 890 560 981 quod
572 889 642 959 iam
652 907 750 959 antea
759 890 859 982 plane
870 891 996 960 dictum
1008 907 1071 979 est,
1080 905 1117 959 ut
1128 890 1255 982 optime

194 1007 367 1100 superiore
386 1028 484 1075 versu
499 1027 636 1075 carmen
652 1005 762 1075 claudi
776 1004 880 1096 possit
898 1029 907 1076 ι

348 1230 394 1284 Sic
409 1231 478 1284 inter
493 1246 550 1282 sese
564 1229 654 1284 tristes
667 1229 812 1282 haliaeetus
825 1229 878 1281 iras

350 1321 383 1372 Et
394 1319 456 1371 ciris
468 1319 581 1371 memori
597 1329 705 1372 servant
716 1320 749 1371 ad
763 1321 865 1372 saecula
881 1319 943 1372 lato.

241 1528 314 1597 Nec
332 1526 479 1597 dubitari
497 1543 606 1616 potest
618 1525 700 1617 quin
714 1525 767 1594 hic
779 1547 913 1616 quoque
928 1544 1040 1596 noster
1054 1549 1140 1618 opus
1151 1549 1252 1596 suum

191 1640 347 1712 versibus
373 1641 557 1711 memoriae
586 1641 741 1710 omnium
769 1628 889 1711 infixis
905 1662 1067 1712 exornare
1097 1642 1250 1712 voluerit.

238 1757 335 1827 Alios
365 1757 504 1849 Vergilii
531 1778 648 1826 versus
675 1777 745 1825 non
770 1756 916 1847 integros
943 1756 1091 1844 admisit,
1120 1757 1178 1828 sed
1207 1757 1252 1827 ita

195 1889 346 1945 mutatos
377 1889 416 1942 ut
447 1872 544 1943 facile
575 1874 708 1964 saepius
735 1872 897 1941 iudicetur
940 1888 1012 1942 uter
1040 1895 1098 1942 cos
1134 1891 1252 1966 sponte

194 1989 349 2077 ediderit,
364 2005 437 2058 uter
450 1987 493 2057 sit
507 1987 667 2058 imitatus.
692 1986 830 2077 Legitur
845 1987 879 2056 in
894 1986 978 2077 Ciri,
993 2011 1027 2059 v.
1046 1988 1113 2058 208
1131 2012 1139 2058 ε

349 2215 483 2268 Excubiae
499 2214 603 2267 foribus
619 2215 709 2267 studio
726 2214 838 2268 iactabat
851 2214 935 2266 inani.

237 2416 379 2505 Quanto
397 2414 581 2506 simplicius
596 2431 628 2486 et
651 2415 761 2505 aptius
780 2415 814 2484 in
838 2415 984 2506 Eclogac
1002 2413 1169 2483 secundae
1188 2410 1251 2481 ini-

191 2548 240 2601 tlo
256 2555 263 2601 :

503 2645 541 2696 lbi
559 2644 623 2697 haec
637 2645 772 2696 incondita
785 2645 859 2698 solus

348 2736 485 2790 Montibus
498 2747 525 2788 et
537 2737 613 2790 silvis
628 2739 717 2790 studio
731 2739 844 2790 iactabat
857 2739 941 2791 inani.

237 2931 324 3002 Item
339 2931 421 3040 llaec
439 2931 525 3002 inter
539 2956 575 3002 se
589 2955 838 3025 componamus
852 2959 860 3004 ε

345 3145 406 3206 Quo
420 3144 527 3212 rapidos
541 3145 622 3197 etiam
638 3146 806 3213 requiescunt
821 3145 933 3198 flumina
950 3161 1055 3198 cursus.

994 3235 1070 3302 (Cin,
1083 3235 1158 3301 233.)

344 3346 379 3398 Et
395 3356 496 3399 mutata
511 3361 575 3400 suos
589 3348 747 3416 requierunt
761 3348 874 3400 flumina
888 3364 992 3402 cursus.

900 3443 985 3505 illuc„
996 3442 1064 3505 vlu,
1076 3443 1113 3508 4.)

342 3555 412 3605 Ante
422 3554 495 3605 hunc
504 3564 677 3622 conspectum
690 3570 801 3608 casusve
811 3555 909 3608 deusve
918 3557 1032 3609 tulisset.

991 3643 1066 3710 (cvr,
1081 3645 1156 3712 279.)
1251 3669 1257 3680 “

342 3757 370 3808 Si
386 3757 448 3825 quis
461 3758 489 3808 in
504 3757 647 3810 adversum
662 3758 748 3825 rapiat
761 3773 872 3811 casusve
887 3759 995 3811 deusve.

914 3849 1003 3913 (Aen,
1020 3847 1063 3909 IX,
1082 3849 1164 3942 παὶ

346 3957 414 4020 Quis
427 3969 532 4012 tantum
549 3961 657 4014 Rutulis
669 3962 773 4014 laudem
787 3977 898 4015 casusne
913 3965 1015 4015 deusne
1116 4032 1118 4037 Ι

344 4053 481 4107 Attulerit.

930 4145 1019 4210 (Aen,
1033 4145 1090 4206 llll,
1104 4143 1179 4208 321.)

239 4337 390 4428 Ecquem
413 4337 498 4430 fugit
525 4339 560 4408 in
587 4361 685 4409 versu
710 4367 727 4403 α
749 4363 817 4430 quo
838 4340 977 4432 rapidos
997 4340 1112 4428 etiam,
1136 4357 1198 4410 etc.
1226 4371 1241 4403 υ
