3140 5072
315 447 364 541 46
662 465 710 514 nn
737 463 902 516 canitura
928 463 1024 516 crnrs

315 611 366 662 tra
385 593 525 680 CDXX)
542 591 685 660 eandem
704 591 849 683 optinuit
870 592 947 682 plus
961 591 1134 662 trecenties
1147 593 1266 683 vicies3
1281 596 1373 666 idem

316 707 396 777 alibi
417 731 478 799 pro
502 706 641 799 singulis
667 705 885 775 incisionibus
912 707 1191 798 semiseptenariis
1212 711 1246 778 in
1260 713 1373 802 primo

316 821 560 915 Georgicorum
579 839 773 912 quaternas,
791 820 825 890 in
845 822 1014 890 Aeneidos
1027 839 1139 890 ternas
1153 824 1255 894 habet
1269 826 1371 896 semi-

315 939 486 1029 quinarias
503 951 511 982 ¹
530 967 563 1008 ».
582 937 621 1006 In
636 936 722 1006 Ciris
736 955 850 1006 autem
867 937 981 1006 DXLI
998 939 1161 1026 versibus,
1176 940 1244 1010 fere
1257 941 1374 1034 trigin-

315 1072 349 1124 ta
381 1072 448 1124 tres
476 1070 684 1146 usurpantur
714 1074 871 1122 caesurae
901 1070 976 1143 post
1011 1054 1113 1122 arsim
1141 1057 1251 1145 quarti
1276 1059 1372 1150 pedis

316 1191 394 1239 cum
413 1169 481 1240 alia
502 1169 632 1238 minore
652 1184 728 1258 post
744 1167 847 1236 arsim
871 1169 1029 1256 secundi3
1055 1193 1124 1239 non
1149 1194 1246 1243 secus
1265 1196 1318 1243 res
1333 1197 1369 1244 se

314 1286 415 1355 habet
433 1287 467 1353 in
489 1283 718 1376 Epithalamio
735 1283 837 1369 Pelei,
852 1283 944 1373 quod
964 1307 1079 1353 versus
1094 1287 1240 1358 continet
1254 1290 1370 1360 CDIX

315 1423 346 1475 et
360 1405 447 1475 circa
461 1399 576 1492 viginti
590 1399 739 1489 quinque
752 1398 946 1467 huiusmodi
962 1415 1117 1469 caesuras
1132 1402 1244 1473 habet.
1259 1406 1371 1476 Multo

314 1518 452 1611 propius
464 1516 562 1607 igitur
576 1514 708 1583 videtur
722 1530 835 1582 noster
849 1513 881 1580 in
898 1515 961 1582 hoc
971 1514 1144 1586 Catullum
1156 1518 1250 1606 sequi
1265 1541 1371 1608 quam

314 1633 512 1726 Vergilium.
533 1630 589 1699 Ad
612 1630 708 1715 haec,
725 1629 836 1720 plures
861 1629 895 1697 in
919 1628 987 1699 Ciri
1004 1649 1083 1702 sunt
1102 1654 1229 1719 versus,
1246 1633 1371 1703 Catulli

314 1772 450 1841 quoque
464 1769 569 1830 more,
589 1745 802 1814 ubicaesura
816 1761 892 1834 post
911 1744 1047 1814 tertium
1072 1746 1269 1816 trochaeum
1287 1747 1370 1816 inci-

314 1867 363 1936 dit
380 1890 388 1934 :

469 1979 519 2032 Cui
532 1977 629 2029 Parcae
642 1975 759 2026 tribuere
773 1975 778 2040 Ι
793 1990 841 2026 nec
855 1974 910 2026 ullo
925 1977 1035 2027 vulnere
1046 1977 1123 2029 laedi.

1007 2066 1050 2129 (ν.
1064 2068 1136 2132 270·)

466 2182 607 2248 Spelaeum
623 2181 763 2246 multoque
777 2181 781 2242 Ι
795 2189 917 2230 cruentas
933 2179 1038 2246 hospite
1049 2190 1146 2239 cautes,

1069 2268 1112 2331 (V·
1128 2266 1200 2334 467·)

469 2383 577 2450 Effigies
591 2382 735 2434 animantis
749 2385 754 2445 Ι
767 2392 792 2433 et
804 2382 957 2432 internodia
972 2382 1113 2435 membris.
1140 2457 1143 2467 s

1038 2471 1081 2537 (v.
1097 2473 1168 2539 491.)

359 2643 460 2713 Unus
472 2640 573 2711 etiam
586 2663 701 2710 versus
715 2661 889 2709 caesuram
909 2638 1011 2709 habet
1023 2657 1098 2731 post
1116 2640 1218 2708 arsim
1231 2640 1370 2709 secundi

315 2759 410 2850 pedis
431 2785 438 2828 :

450 2953 528 3004 Tunc
542 2951 632 3017 potius
646 2954 650 3014 Ι
664 2959 756 3002 conata
768 2962 811 3001 tua
824 2959 903 3017 atque
918 2950 1021 3014 incepta
1033 2948 1138 3008 referto,

1052 3040 1096 3106 lV·
1111 3037 1189 3104 337.)

314 3207 346 3260 et
362 3189 417 3259 alii
432 3189 527 3258 aliter
541 3188 662 3257 usitata
683 3208 800 3255 norma
816 3186 1019 3256 abhorrent:

467 3383 558 3434 Prima
577 3383 730 3434 rudimenta
742 3391 768 3432 et
784 3380 885 3446 primos
900 3379 1037 3444 exegimus
1047 3393 1133 3429 annos

1071 3468 1111 3528 (V-
1129 3466 1184 3531 4⁵·)

467 3589 559 3656 lucipit
576 3590 607 3640 nd
620 3589 781 3655 crebrosque
795 3588 882 3639 insani
899 3586 1012 3654 pectoris
1026 3586 1101 3638 ictus.

1020 3677 1063 3742 (V.
1082 3675 1152 3740 345.)

470 3795 570 3846 ludicio
583 3795 720 3861 patrisque
730 3805 757 3847 et
770 3794 893 3861 coniugis
907 3802 968 3845 ante
983 3793 1088 3844 fuisset.

973 3883 1017 3947 (V.
1035 3880 1108 3948 531.)

355 4060 542 4152 Vergilium
560 4076 673 4128 autem
687 4058 811 4127 scimus
825 4056 948 4125 similes
965 4056 1087 4125 habere
1099 4076 1215 4124 versus
1233 4076 1301 4123 non
1318 4076 1370 4122 ra-

348 4323 370 4358 1.
385 4309 413 4358 L.
423 4291 552 4364 Mueller,
567 4305 609 4354 De
619 4317 648 4353 re
657 4309 733 4362 met..
744 4319 768 4367 p.
789 4319 846 4369 197·
