3140 5072
302 449 350 544 76
739 476 922 524 saranum

427 600 602 665 Carpathium
619 599 724 665 fugiens
740 611 766 651 et
778 600 890 650 flumina
907 602 1030 653 Caeratea

425 693 547 742 Texerat.
564 692 642 741 Hunc
660 691 729 741 bello
743 703 865 757 repetens
882 691 1029 758 Gortynius
1045 691 1124 741 heros

422 779 509 830 Attica
524 780 633 830 Cretaea
647 781 782 830 sternebat
798 796 860 831 rura
874 781 977 847 sagitta.

421 867 473 923 Sed
492 883 579 934 neque
592 878 656 919 tunc
670 869 741 919 cives
757 885 844 936 neque
859 881 923 920 tunc
940 885 983 920 rex
1002 869 1058 935 ipse
1075 879 1180 920 veretur

354 977 357 986 ‚
425 957 525 1007 infesto
538 959 568 1008 ad
586 974 678 1008 muros
693 959 834 1010 volitantes
849 960 955 1025 agmine
972 970 1074 1008 turmas

426 1045 534 1096 Reicere
548 1056 575 1096 et
589 1047 736 1098 indomitas
751 1047 849 1098 virtute
862 1049 1002 1098 retundere
1018 1057 1130 1108 menteS,

427 1136 594 1201 Responsum
612 1138 741 1202 quoniam
757 1139 821 1188 satis
836 1149 875 1189 est
890 1139 1047 1189 meminisse
1061 1139 1183 1190 deorum.

428 1225 495 1275 Nam
508 1226 591 1291 capite
605 1242 620 1276 a
635 1243 744 1277 summo
758 1229 828 1294 regis
843 1229 977 1292 (mirabile
994 1229 1093 1292 dictu!J

426 1314 546 1365 Candida
563 1316 691 1365 caesaries
705 1315 847 1378 (florebant
864 1328 985 1382 tempora
1003 1316 1098 1379 lauro),

425 1403 461 1453 At
475 1418 569 1453 roseus
583 1403 673 1453 medio
687 1405 810 1466 surgebat
824 1405 923 1454 vertice
940 1404 1038 1467 crinis;

427 1493 511 1544 Cuius
523 1509 604 1558 quam
618 1503 719 1542 servata
731 1492 777 1542 diu
795 1505 888 1543 natura
903 1494 1006 1551 fuisset,

425 1583 494 1631 Tam
510 1581 620 1647 patriam
639 1581 803 1632 incolumem
819 1582 876 1632 Nisi
892 1597 1061 1648 regnumque
1079 1582 1201 1632 futurum

428 1670 580 1721 Concordes
595 1668 681 1718 stabili
698 1669 838 1719 firmarunt
854 1671 963 1719 numine
979 1684 1082 1734 parcae.

429 1761 498 1826 Ergo
513 1759 604 1809 omnis
618 1774 678 1808 caro
693 1759 825 1808 residebat
838 1773 900 1808 cura
918 1758 1023 1823 capillo,

430 1852 517 1899 Aurea
529 1848 653 1898 sollemni
668 1859 805 1912 comptum
821 1863 901 1912 quern
916 1847 998 1898 fibula
1011 1849 1064 1898 ritu

429 1938 572 2003 Cecropiae
584 1947 610 1986 et
621 1936 697 1986 tereti
711 1937 851 1986 nectebant
864 1937 943 1988 dente
956 1937 1068 1988 cicadae.

459 2027 516 2094 Nec¹
527 2041 588 2076 vero
602 2025 665 2075 haec
680 2024 753 2074 urbis
768 2024 888 2074 custodia
906 2039 969 2074 vana
982 2025 1086 2085 fuisset,

430 2115 484 2166 Nec
498 2123 595 2172 ruerat,
608 2113 635 2162 ni
652 2114 740 2180 Scylla
755 2129 824 2163 novo
841 2125 961 2178 correpta
978 2113 1079 2176 furore,

429 2205 525 2271 Scylla,
538 2203 621 2268 patris
634 2202 724 2253 miseri
741 2203 892 2268 patriaeque
907 2203 1015 2254 inventa
1029 2206 1212 2270 sepulchrum,

430 2293 453 2343 O
470 2293 585 2342 nimium
600 2293 706 2358 cupidis
721 2293 811 2342 Minoa
826 2293 957 2342 inhiasset
970 2295 1071 2347 ocellis.

429 2382 479 2433 Sed
496 2383 582 2432 malus
598 2382 643 2432 ille
660 2397 735 2447 puer,
748 2398 830 2447 quern
846 2398 893 2432 nec
907 2398 955 2432 sua
968 2382 1071 2434 flectere
1086 2395 1170 2435 mater

431 2472 529 2521 iratum
547 2472 644 2536 potuit,
657 2487 738 2538 quem
755 2487 802 2522 nec
821 2482 893 2536 pater
909 2483 990 2538 atque
1003 2486 1069 2522 avus
1084 2473 1155 2523 idem

393 2625 398 2638 .
433 2561 550 2626 luppiter
565 2562 620 2621 (ille
637 2562 717 2611 etiarn
734 2563 837 2611 Poenos
852 2561 982 2611 domitare
999 2562 1089 2613 leones

432 2651 464 2701 Et
476 2651 575 2700 validas
590 2651 686 2701 doctus
699 2651 768 2700 vires
784 2666 969 2702 mansuescere
984 2651 1072 2717 tigris,

433 2741 478 2790 llle
492 2737 572 2790 etiarn
584 2740 670 2800 divos,
686 2741 811 2791 homines
826 2769 854 2778 -
870 2742 915 2791 sed
928 2741 1015 2791 dicere
1028 2756 1157 2807 magnum
1172 2745 1229 2808 est),

431 2829 504 2880 Idem
520 2840 577 2880 tum
592 2830 680 2880 tristes
693 2831 802 2880 acuebat
816 2833 942 2894 parvulus
959 2831 1022 2881 iras.

434 2923 545 2973 lunonis
560 2938 679 2988 magnae,
695 2922 772 2973 cuius
784 2922 838 2973 fera
851 2921 936 2989 iurgia
951 2923 1028 2973 divae

435 3013 510 3062 Olim
528 3013 600 3079 ipsae
613 3013 767 3076 meminere,
784 3014 851 3064 eheu
865 3013 982 3079 peritura
998 3015 1084 3079 puella

434 3102 507 3153 Nulli
522 3120 576 3153 non
594 3114 720 3161 sanctam,
736 3105 881 3154 violaverat
897 3105 982 3156 inscia
998 3106 1097 3162 sedem,

433 3191 503 3240 Durn
521 3193 602 3242 sacris
615 3203 721 3257 operata
733 3193 796 3243 deae
813 3193 918 3242 lascivit
935 3201 962 3242 et
978 3203 1051 3246 extra

436 3279 557 3330 Procedit
571 3282 650 3346 longe
665 3292 781 3331 matrum
796 3281 983 3347 comitumque
998 3292 1138 3340 catervam,

434 3367 596 3433 Suspensam
615 3371 734 3436 gaudens
751 3370 779 3419 in
795 3385 906 3435 corpore
918 3370 1008 3420 ludere
1022 3380 1124 3420 vestem

433 3457 466 3506 Et
481 3459 599 3508 tumidos
612 3458 729 3524 agitante
743 3459 819 3509 sinus
833 3459 961 3524 aquilone
978 3461 1111 3511 relaxans.

436 3549 554 3599 Necdum
571 3549 651 3600 etiam
664 3561 750 3601 castos
761 3559 911 3615 gustaverat
929 3553 1001 3616 ignis
1016 3551 1145 3609 honores,

436 3638 555 3688 Necdum
571 3641 695 3690 sollemni
710 3641 820 3706 lympha
834 3640 939 3704 perlusa
953 3642 1075 3691 sacerdos

436 3727 562 3778 Pallantis
578 3729 651 3778 soliis
663 3739 740 3794 caput
755 3738 891 3779 exornarat
904 3729 997 3786 olivae,

435 3817 503 3866 Cum
519 3816 591 3880 lapsa
608 3818 758 3866 emanibus
774 3816 843 3882 fugit
858 3817 910 3881 pila
925 3831 1041 3882 cumque
1055 3832 1084 3865 ea
1099 3817 1171 3881 lapsa
1186 3827 1233 3876 est,

436 3905 571 3954 Procurrit
583 3905 667 3968 virgo.
683 3904 761 3962 Quod
779 3906 815 3953 uti
833 3919 864 3952 ne
883 3903 987 3967 pro'dira
1004 3902 1067 3950 ludo

434 3995 559 4042 Auratam
574 3992 664 4058 gracili
682 3992 808 4041 solvisses
823 4007 933 4056 corpore
947 3989 1059 4055 pallam!

434 4081 535 4132 Omnia
546 4079 740 4144 quaeretinere
756 4079 867 4144 gradum
883 4094 1032 4143 cursusque
1048 4078 1146 4126 morari

437 4173 547 4222 Possent
557 4187 576 4220 vo
591 4182 678 4222 tecum
690 4171 785 4221 vellem
799 4180 828 4220 tu
846 4185 951 4234 semper
966 4169 1078 4218 haberes
1093 4185 1100 4218 :

434 4262 495 4310 Non
511 4275 641 4326 umquam
655 4260 752 4308 violata
769 4274 851 4308 manu
868 4258 979 4307 sacraria
994 4257 1069 4307 divae

437 4349 559 4407 lurand0,
575 4348 676 4403 infelix.
691 4348 869 4416 nequicquam
885 4347 943 4396 iura
958 4346 1065 4410 piasses.
