3134 5082
560 515 609 562 DE
634 512 801 564 CARMINE
827 511 923 563 CIRIS
1230 515 1266 565 11

210 643 312 731 Quod
330 640 498 732 Vergilius
518 640 564 709 sic
584 640 727 710 mutavit
745 641 778 708 in
796 639 905 726 primo
925 640 1098 708 Aeneidos
1112 639 1197 711 libro
1215 665 1223 711 ι

365 837 440 886 Paret
453 837 538 886 Amor
550 835 631 887 dictis
645 851 719 886 carae
732 835 872 900 genetricis
878 853 886 900 ;

210 1050 323 1103 noster
338 1048 455 1102 contra
472 1031 608 1101 retinuit
630 1057 637 1100 :

366 1244 417 1294 Sed
431 1244 518 1294 malus
530 1244 575 1293 ille
591 1259 665 1310 puer,
678 1260 757 1310 quem
775 1259 823 1295 nec
838 1259 886 1295 sua
899 1243 1002 1295 flectere
1020 1254 1104 1295 mater

366 1333 463 1384 iratum
482 1334 569 1399 potuit
582 1343 600 1385 ¹.

211 1534 263 1603 Ita
283 1533 385 1602 etiam
410 1532 514 1600 multa
538 1548 720 1622 potuerunt
747 1554 786 1600 ex
805 1530 936 1599 Moschi
962 1532 1099 1621 Europa
1121 1513 1267 1622 excerpi,

208 1674 296 1742 quae
317 1667 433 1721 tamen
453 1649 555 1719 ctiam
580 1650 615 1718 in
641 1649 765 1718 Catulli
788 1650 943 1719 Ariadna
966 1649 1053 1719 Ciris
1079 1665 1195 1716 auctor
1215 1647 1268 1714 in-

207 1786 365 1855 venerat3
383 1768 441 1838 sed
455 1767 612 1837 credibile
629 1785 691 1854 est,
706 1788 784 1835 cum
805 1765 1006 1835 describeret
1019 1766 1193 1836 Minervae
1208 1787 1267 1855 pe-

206 1886 303 1975 plum
320 1895 347 1971 2,
363 1884 392 1953 ei
415 1884 569 1974 exemplo
591 1883 693 1953 fuisse
712 1883 824 1951 locum
842 1881 933 1951 hunc
955 1880 1125 1971 Euripidis
1149 1881 1265 1950 Hecu-

208 1999 272 2069 bae
290 2025 298 2069 :

485 2092 503 2168 ἦ
519 2092 674 2164 Παλλάδος
688 2091 715 2152 ἐν
730 2092 811 2152 πόλει

366 2210 416 2283 τὰς
432 2205 625 2290 καλλιδίφροι’
643 2205 792 2280 Ἀθαναίας
807 2208 834 2268 ἐν
846 2211 954 2290 κροαέῳ
968 2208 1068 2287 πέπλῳ

365 2323 494 2404 ζεύξομαι
510 2327 616 2407 ἅρματι
629 2327 743 2398 πώλους

366 2443 394 2503 ἐν
409 2442 581 2503 δαιδαλέοισι
596 2441 770 2502 ποικίλλουσ’
788 2441 976 2524 ἀιθοαροκοισι
990 2443 1100 2517 πήναις,

484 2557 502 2633 ἥ
518 2559 640 2618 Τιτάνων
653 2559 764 2637 γενεὰν,

365 2676 414 2736 πὰν
430 2673 499 2746 Ζεὺς
513 2673 661 2754 ἀμφιπὺρῳ
675 2676 793 2751 κοιμίζει

488 2789 606 2868 φλογμῷ
621 2789 766 2870 Κρονίδας.

205 3000 329 3072 Catulli
364 3022 444 3069 vero
476 3000 626 3069 carmina
652 3000 745 3067 haud
780 2999 880 3069 dubie
913 3001 1070 3090 expilavit
1101 3018 1134 3070 et
1163 3004 1264 3071 variis

205 3115 359 3185 imitandi
382 3116 569 3186 rationibus
599 3119 677 3206 (quo
700 3116 909 3184 manifestior
936 3117 973 3186 fit
1002 3116 1156 3205 imitatio)
1183 3141 1263 3186 usus

205 3248 272 3318 est3
296 3252 444 3322 namque
457 3250 489 3302 et
506 3232 699 3301 Ariadnam
713 3229 828 3322 Scylla
851 3232 990 3315 rettulit,
1005 3231 1084 3301 etin
1106 3249 1264 3322 poemate

205 3366 320 3418 nostro
338 3369 498 3418 versuum
512 3365 625 3440 partes
646 3372 715 3418 non
734 3349 838 3417 modo
857 3371 896 3418 ex
918 3348 1149 3438 Epithalamio
1173 3349 1264 3417 Pelei

205 3481 236 3534 et
256 3464 434 3553 Thaidos,
459 3466 518 3534 sed
539 3487 579 3534 ex
598 3466 671 3535 aliis
686 3488 820 3556 quoque
844 3464 1049 3534 carminibus
1069 3465 1265 3556 desumptas

203 3579 408 3670 reperimus3
426 3603 535 3671 neque
559 3604 651 3670 raro,
667 3582 694 3651 si
717 3582 848 3673 singula
863 3580 1121 3668 exemerimus,
1145 3579 1263 3649 Catul-

204 3697 314 3766 lianae
330 3697 457 3788 aliquid
476 3699 638 3768 orationis
654 3699 957 3791 deprehendemus.

248 3811 341 3882 Cirin
357 3829 388 3882 et
408 3813 626 3904 Epithalamii
649 3831 793 3906 partem,
814 3836 900 3905 quae
915 3814 959 3882 ad
975 3813 1164 3883 Ariadnam
1187 3834 1264 3903 per-

204 3929 300 4017 tinet,
326 3929 512 4021 inspicienti
532 3932 645 4000 statim
665 3932 822 4018 occurrit,
844 3953 949 4021 quam
961 3947 995 4000 et
1015 3930 1120 3999 rebus
1142 3946 1175 3998 et
1193 3947 1265 3998 arte

202 4045 288 4114 inter
302 4068 338 4114 se
362 4045 487 4116 similes
503 4047 581 4117 sint.
604 4047 742 4117 Etenim
765 4047 906 4138 scriptor
920 4066 1061 4137 uterque
1087 4045 1263 4115 materiam

238 4283 262 4320 1.
276 4269 357 4332 Ciris,
377 4267 436 4320 133.

238 4373 263 4407 2.
279 4357 359 4416 Ciris,
379 4356 473 4420 20-34.
