3140 5072
309 511 356 584 38
655 533 704 580 ns
729 531 896 584 cramus
922 533 1017 584 crtus

304 659 422 744 clarat,
438 658 563 749 quippe
586 658 643 747 qui
667 658 821 727 undecim
844 659 927 727 haec
946 660 1098 750 exempla
1111 661 1233 734 habeat
1247 665 1366 735 talium

305 795 373 841 non
391 773 699 854 modonominum,
713 773 882 842 sedetiam
898 774 1152 863 adiectivorum,
1166 801 1313 868 quorum
1332 779 1366 847 id

303 890 394 979 quod
410 908 599 958 extremum
615 887 773 978 ponimus
787 889 857 979 ipse
873 889 988 957 finxit:
1008 889 1178 960 Hortulus
1193 895 1227 980 3,
1242 895 1367 964 ocellos

301 1005 373 1074 ‘238
392 1021 425 1073 et
456 1007 537 1094 257,
557 1001 724 1071 nutricula
751 1025 832 1094 277,
859 1004 998 1073 lectulus
1022 1025 1104 1092 440,
1132 1006 1253 1077 labella
1278 1011 1365 1100 495,

304 1122 463 1213 parvulus
495 1119 558 1189 138
578 1137 611 1188 et
630 1141 712 1211 479,
736 1119 913 1211 frigidulus
935 1123 996 1190 251
1020 1139 1052 1190 et
1070 1120 1152 1210 348,
1176 1124 1365 1193 tabidulam

311 1237 387 1306 181.

351 1357 406 1426 Ne
430 1374 550 1445 graeca
574 1351 712 1442 quidem
740 1352 902 1421 vocabula
921 1353 1057 1422 admisit
1078 1355 1140 1430 nisi
1163 1376 1250 1445 quae
1273 1356 1365 1446 apud

305 1469 461 1559 antiquos
492 1486 551 1534 aut
583 1455 733 1534 eiusdem
760 1463 876 1534 aetatis
901 1465 1078 1554 scriptores
1109 1485 1302 1554 occurrunt,
1329 1486 1367 1538 ut

311 1615 326 1649 τ
343 1583 477 1676 sophia,
493 1581 703 1672 psalterium,
719 1581 857 1666 thallus,
878 1579 1017 1650 Piraeea
1039 1607 1068 1669 »ς
1090 1584 1162 1670 sed,
1183 1584 1268 1652 sicut
1289 1606 1364 1653 om·

304 1723 365 1770 nes
384 1697 535 1768 eiusdem
551 1696 713 1787 temporis
733 1713 851 1786 poetae
866 1716 1058 1766 sermonem
1081 1699 1230 1789 patrium
1244 1721 1364 1790 graeco

303 1839 343 1885 ex
370 1815 462 1884 fonte
482 1835 550 1882 non
576 1833 684 1902 pauca
712 1810 898 1879 hauriendo
918 1811 1036 1880 ditavit
1062 1837 1069 1880 :
1098 1814 1144 1884 ita
1167 1836 1366 1906 graecorum

303 1951 400 1999 more
434 1957 446 1990 τ
471 1928 606 1997 cicadae
630 1941 638 1973 ¹
662 1956 678 1990 »
705 1927 847 2009 (τέττιγες)
864 1924 986 1994 fibulas
1008 1928 1132 2017 quibus
1156 1931 1265 2020 capilli
1292 1930 1367 1999 reti·

305 2064 440 2132 nentur,
465 2044 661 2134 designant,
688 2068 705 2110 <c
731 2045 900 2134 nymphae
927 2053 939 2086 ²
962 2072 978 2107 »
1000 2046 1148 2133 puellas,
1175 2073 1191 2108 «
1214 2045 1301 2115 vires
1322 2046 1365 2115 ti-

307 2159 374 2251 gris
404 2182 421 2225 u
452 2158 584 2250 tigrim,
616 2176 652 2227 ut
685 2159 869 2227 Herculem
894 2164 989 2234 σθένος
1016 2159 1179 2243 Ἡρακλῆος
1207 2158 1233 2225 ³.
1268 2158 1366 2228 Aliae

308 2275 409 2344 eriam
426 2274 586 2365 loquendi
599 2275 745 2344 rationes
764 2276 883 2343 eadem
899 2297 938 2344 ex
951 2274 1077 2366 origine
1091 2275 1258 2366 profectae
1272 2292 1366 2363 sunt,

308 2409 345 2460 Ut
364 2445 371 2460 ⁹
464 2479 552 2540 Quare
567 2493 618 2528 non
635 2477 683 2528 ulli
699 2477 768 2528 fama
783 2479 927 2529 concedere
939 2478 1025 2544 digna

443 2570 516 2619 .Stat
532 2569 637 2634 Megara
653 2569 704 2630 (οὐκ
720 2571 803 2633 ἄξιος).

972 2630 1045 2692 (Cir,
1065 2633 1136 2696 104.)

460 2749 543 2813 Saepe
555 2746 625 2796 redit
644 2745 744 2811 patrios
756 2746 901 2797 ascendere
915 2746 1017 2812 perdita
1032 2762 1126 2798 muros

457 2836 603 2902 Aeriasque
622 2835 691 2892 facit
706 2849 816 2886 causam
832 2851 859 2886 se
875 2835 961 2886 visere
973 2844 1070 2886 turres.

1027 2925 1104 2989 (cir,
1125 2941 1184 2990 172,
1205 2926 1272 2991 173.)

459 3043 533 3102 Quae
548 3041 623 3107 prius
639 3041 666 3090 in
683 3041 756 3091 renui
769 3050 881 3091 steterat
897 3041 1029 3092 succincta
1043 3050 1148 3092 crocota
1164 3042 1185 3092 ⁴.

1109 3130 1190 3196 (Cir,
1207 3131 1283 3196 252.)

352 3304 478 3372 Nonne
507 3301 609 3371 etiam
639 3300 847 3370 Graecorum
872 3324 1002 3372 morem
1031 3304 1156 3373 redolet
1184 3303 1248 3371 hoc
1282 3330 1299 3366 τ
1326 3321 1363 3371 ut

306 3417 387 3510 quid
403 3441 465 3509 ego
485 3439 643 3486 amens...
665 3417 755 3485 diem
769 3418 1067 3508 potuiproducere
1086 3419 1171 3488 vitae
1188 3417 1199 3462 5
1217 3418 1257 3486 u?
1276 3417 1362 3507 Qui·

305 3536 370 3605 bus
396 3533 556 3624 exemplis
577 3552 609 3603 et
634 3533 708 3602 aliis
733 3533 882 3604 eiusdem
901 3535 1030 3626 generis
1048 3552 1187 3628 apparet
1208 3535 1358 3625 linguam

340 3765 361 3798 r.
375 3748 454 3808 Ciris,
472 3747 530 3798 128.

335 3854 360 3889 2.
377 3838 456 3899 Ciris,
471 3836 534 3902 435.

335 3927 358 3978 3.
374 3927 452 3987 Ciris,
474 3927 533 3979 136.
549 3927 637 3993 Apol,
658 3927 677 3987 l,
704 3926 765 3979 531.
784 3927 825 3978 Cf.
838 3929 887 3980 Vis
900 3944 996 3981 canum
1012 3928 1362 3994 (Lucr.,Vl‚1221;Virg.‚

302 4018 381 4079 Aen„
400 4017 444 4082 lV,
461 4016 530 4080 132).
1258 4039 1263 4050 ·

333 4120 360 4168 4.
375 4107 412 4150 Ἐν
428 4106 484 4171 ῥινῷ
501 4097 592 4160 λέόντος
606 4108 692 4154 στάντα
708 4105 804 4168 (pind,
821 4105 923 4165 Islhm„
938 4107 983 4165 Vl,
1002 4107 1056 4173 54).

335 4193 360 4245 5.
376 4193 454 4254 Ciris,
473 4209 541 4259 2043
558 4195 593 4246 ita
607 4195 634 4245 in
654 4195 784 4246 omnibus
799 4196 951 4262 codicibus3
972 4211 1043 4248 unus
1058 4207 1148 4248 tamen
1167 4200 1202 4250 Α.
1223 4198 1359 4250 Baehrens

302 4282 407 4349 scripsit
427 4300 433 4332 :
455 4282 490 4333 A!
512 4283 578 4349 quid
593 4298 693 4335 amens.
719 4284 759 4334 Cf.
776 4285 851 4346 Plan,
875 4285 982 4353 Symp„
999 4302 1025 4351 p.
1041 4286 1101 4348 205,
1120 4290 1142 4338 Α
1160 4304 1165 4337 :
1185 4287 1221 4335 ἵνα
1237 4292 1261 4334 τί
1283 4293 1359 4336 ταῦτα

304 4374 392 4438 liniq
