3140 5072
574 485 622 534 un
648 484 816 534 cantune
841 479 936 532 ciuis
1234 460 1280 559 39

219 633 377 704 graecam
393 609 479 680 Ciris
492 626 678 695 auctorem,
690 627 727 677 ut
738 630 856 676 omnes
869 607 1013 695 Augusti
1024 624 1173 698 tempore
1183 611 1284 701 scrip-

219 745 327 815 tores,
347 725 491 794 coluisse
510 741 542 792 et
562 724 781 793 libentissime
809 722 885 791 inde
902 722 1028 812 aliquid
1047 722 1081 789 in
1104 746 1283 794 romanam

222 842 450 923 transtulisse;
480 858 630 909 attamen
661 841 758 910 facile
791 839 991 930 intellegitur
1022 862 1102 908 eum
1131 842 1284 912 nondum

223 959 385 1028 omnibus
408 980 509 1026 usum
535 979 606 1025 esse
633 955 770 1048 opibus,
794 979 879 1045 quas
906 955 1074 1046 Vergilius
1101 957 1282 1028 Horatius-

222 1096 304 1164 que,
325 1095 523 1164 graecorum
546 1073 691 1163 vestigiis
708 1072 908 1159 insistentes,
925 1072 1135 1142 sermonibus
1155 1075 1283 1144 utrius-

222 1212 289 1279 que
311 1193 420 1281 gentis
439 1189 534 1279 quasi
550 1188 588 1278 ¹in
605 1211 711 1256 unum
728 1187 954 1257 sollertissime
971 1189 1184 1277 consociatis,
1205 1213 1281 1281 pos-

223 1305 303 1375 teris
319 1307 541 1376 tradiderunt.

269 1421 347 1491 Alia
371 1422 542 1512 quaedam
563 1421 718 1490 omittere
741 1444 809 1490 non
833 1422 920 1509 licet,
941 1421 1101 1511 quibusa
1127 1444 1280 1492 sermone

223 1539 362 1632 Vergilii
384 1538 493 1607 differt
508 1538 607 1607 liuius
626 1557 743 1630 poetae
757 1562 884 1624 serm0,
904 1562 1025 1631 nempe
1040 1539 1281 1631 particularum

225 1679 338 1726 usum.
362 1654 591 1726 Observatum
613 1672 663 1725 est
681 1678 851 1746 nusquam
870 1657 994 1724 habere
1016 1657 1111 1724 illum
1137 1686 1153 1720 «
1172 1657 1233 1727 etsi
1248 1687 1281 1742 »,‚

225 1773 317 1862 quod
334 1771 389 1840 hic
411 1772 445 1840 in
465 1771 564 1861 primi
589 1795 705 1841 versus
730 1772 823 1841 initio
836 1772 966 1867 legitur.
995 1799 1010 1836 t
1032 1773 1122 1843 Cum
1141 1803 1156 1837 »
1179 1776 1282 1864 (quod

225 1891 281 1960 alii
306 1890 408 1960 etiam
438 1906 558 1980 poetae
589 1889 757 1958 rarissime
784 1889 925 1975 faciunt,
956 1913 1147 1981 numquam
1164 1891 1282 1982 Vergi-

225 2007 316 2095 lius),
335 2005 484 2097 iungitur
496 2005 550 2074 hic
571 2026 647 2074 cum
669 2005 746 2095 plus
766 2004 1028 2096 quamperfecto
1048 2005 1251 2076 coniunctivi
1273 2030 1280 2074 :

382 2196 417 2247 Ut
430 2211 491 2246 cum
505 2211 580 2247 caesa
592 2195 636 2262 pio
651 2194 789 2246 cecidisset
802 2195 911 2247 victima
925 2196 1004 2248 ferro.

918 2286 994 2352 (Cin,
1012 2284 1083 2348 366.)

229 2460 303 2528 Nec
318 2457 439 2526 desunt
455 2456 519 2526 alia
545 2456 755 2541 huiusmodi,
782 2476 868 2545 quae
890 2477 969 2524 cunr
992 2453 1119 2523 solutae
1139 2455 1282 2524 orationi

227 2573 336 2666 magis
350 2573 564 2660 conveniant,
584 2572 775 2641 Lucretium
792 2587 950 2641 revocant
961 2571 995 2639 in
1012 2591 1170 2642 mentem.

269 2689 437 2782 Vergilius
461 2711 593 2779 semper
620 2689 703 2757 dixit
729 2715 744 2750 «
771 2687 872 2756 simul
894 2704 930 2755 ut
954 2715 988 2775 n,
1004 2707 1116 2758 noster
1143 2717 1159 2752 «
1183 2688 1284 2758 simul

225 2830 296 2876 acu
323 2832 331 2875 :

381 2924 454 2983 Quae
471 2921 553 2974 simul
567 2935 597 2970 ac
610 2920 683 2970 venis
697 2920 786 2970 bausit
804 2919 958 2971 sitientibus
975 2919 1076 2984 ignem.

1012 3008 1089 3073 (Cin,
1109 3006 1179 3072 153.)

231 3181 334 3251 «Ubi
357 3210 373 3244 »
397 3181 451 3250 hic
470 3180 702 3270 imperfectum
719 3195 750 3248 et
771 3180 967 3269 plusquam
989 3176 1171 3268 perfectum
1195 3177 1281 3268 pati·

226 3317 292 3385 tur,
309 3299 402 3389 quod
416 3297 499 3367 vitat
512 3295 678 3387 Vergilius
695 3320 703 3365 ε
719 3321 722 3326 ·

381 3493 430 3543 His
445 3491 491 3542 ubi
508 3490 637 3542 sollicitos
651 3490 734 3540 animi
750 3490 908 3541 relevaverat
919 3499 1016 3540 aestus.

935 3579 1012 3642 (Cir,
1030 3579 1102 3644 340.)

228 3756 312 3826 «Ut
336 3783 348 3815 l
371 3774 450 3821 vero
465 3750 662 3840 temporale,
678 3752 768 3840 quod
783 3773 803 3819 a
819 3749 967 3841 Vergilio
981 3700 1170 3838 frequenter
1184 3773 1282 3818 usur-

225 3888 336 3963 patur,
354 3867 407 3936 hic
420 3867 523 3942 semel
538 3866 657 3958 legitur
671 3889 704 3934 v.
725 3866 807 3954 340,
822 3867 895 3934 loco
910 3865 965 3934 illo
986 3889 1024 3934 ex
1041 3866 1164 3958 Ecloga
1180 3867 1282 3952 Vlll,

224 4007 265 4073 41
291 3985 481 4075 subrepto:

382 4167 419 4217 Ut
433 4165 496 4226 vidi,
515 4174 545 4214 ut
560 4165 637 4230 perii,
653 4174 683 4215 ut
697 4180 740 4215 me
755 4165 841 4215 malus
855 4164 965 4215 abstulit
979 4179 1052 4216 error
1067 4173 1083 4212 ¹.

238 4341 241 4350 '
260 4352 281 4387 1.
297 4335 375 4385 iacob
387 4335 424 4385 ad
437 4335 532 4400 Prop„
549 4335 593 4398 111,
613 4335 653 4398 15,
669 4351 695 4402 p.
716 4335 771 4386 165.
