3140 5072
613 505 798 554 APPENDIX

301 629 362 678 Non
378 643 428 694 ego
443 640 468 679 te
483 629 587 694 incepto
604 628 670 694 (fieri
693 629 765 694 quod
781 645 833 678 non
848 631 919 696 pote)
937 646 1020 681 eonor

300 717 417 768 Flectere
429 731 520 768 amore
534 733 621 783 neque
636 728 675 767 est
689 733 750 767 cum
765 717 806 767 dis
820 719 980 770 contendere
995 732 1119 772 nostrum
1128 738 1135 784 ;

300 807 350 856 Sed
364 807 448 872 patris
464 807 592 856 incolumi
606 806 697 872 potius
709 806 844 857 denubere
861 822 944 872 regno
1186 812 1237 862 330

299 897 387 962 Atque
401 895 506 962 aliquos
517 906 605 945 tamen
620 909 678 946 esse
692 895 759 946 velis
770 895 828 958 tibi,
843 896 961 958 alumna,
981 899 1100 951 Penates.

244 963 246 968 ¹
299 983 355 1032 Hoc
370 997 457 1032 unurn
472 983 554 1033 exitio
566 982 643 1034 docta
658 992 739 1048 atque
753 994 860 1049 experta
878 985 1004 1035 monebo.

299 1071 415 1131 Quodsi
430 1073 549 1122 nonalia
563 1072 662 1136 poteris
678 1071 781 1122 ratione
796 1083 935 1138 parentem

299 1160 416 1210 Flectere
427 1161 484 1226 (sed
497 1159 595 1224 poteris
612 1177 619 1210 ι
634 1161 699 1226 quid
714 1161 786 1210 enim
803 1176 857 1210 non
871 1161 949 1212 unica
963 1162 1088 1227 possisi),

297 1247 370 1297 Tum
386 1249 476 1312 potius
490 1259 577 1300 tamen
593 1249 653 1312 ista,
665 1249 710 1314 pio
725 1265 786 1299 cum
802 1248 860 1299 iure
873 1249 973 1308 licebit.

297 1337 367 1386 Cum
382 1336 441 1386 facti
454 1353 562 1389 causam
575 1347 737 1403 tempusque
753 1337 855 1388 doloris
873 1337 997 1398 habebis.

298 1425 370 1476 Turn
383 1426 473 1492 potius
486 1438 580 1480 conata
591 1437 636 1476 tua
647 1436 727 1492 atque
741 1427 844 1492 incepta
858 1425 955 1476 referto
963 1445 971 1493 3

297 1519 393 1583 Meque
404 1519 521 1585 deosque
536 1518 585 1568 tibi
601 1519 722 1577 comites,
735 1533 795 1568 mea
807 1517 925 1576 alumna,
938 1519 1043 1568 futuros

298 1607 428 1657 Polliceor
443 1625 450 1657 :
467 1607 535 1656 nihil
548 1616 598 1666 est,
612 1606 685 1672 quod
701 1607 799 1656 texitur
816 1606 919 1664 ordine,
934 1607 1067 1673 longum.

328 1695 378 1745 His
392 1675 438 1745 ubi
453 1695 585 1746 sollicitos
598 1695 683 1745 animi
697 1695 858 1746 relevaverat
871 1707 963 1746 aestus

298 1785 415 1835 Vocibus
427 1795 453 1835 et
469 1785 567 1835 blanda
582 1793 673 1849 pectus
688 1800 734 1849 spe
749 1785 850 1834 luserat
864 1800 985 1852 aegrum,

298 1875 427 1926 Paulatim
442 1875 619 1925 tremebunda
637 1873 714 1939 genis
728 1873 862 1924 obducere
877 1884 979 1925 vestem

298 1963 417 2030 Virginis
430 1976 455 2014 et
469 1964 600 2028 placidam
613 1963 732 2014 tenebris
747 1972 853 2029 captare
869 1963 987 2029 quietern

296 2054 403 2104 inverso
420 2054 544 2104 bibulum
560 2054 731 2120 restinguens
746 2055 837 2104 lumen
852 2053 924 2104 olivo

296 2143 392 2210 Incipit
405 2145 437 2195 ad
450 2147 613 2212 crebrosque
627 2145 716 2196 insani
732 2146 846 2211 pectoris
859 2146 929 2194 ictus

294 2231 373 2282 Ferre
388 2249 508 2295 manum,
526 2233 646 2284 adsiduis
659 2235 781 2284 mulcens
794 2233 948 2299 praecordia
963 2233 1069 2297 palmis.

295 2323 406 2374 Noctem
419 2324 490 2374 illam
509 2324 547 2374 sic
561 2335 661 2374 maesta
678 2338 758 2388 super
771 2323 914 2372 morientis
930 2323 1055 2371 alumnae

295 2411 445 2476 Frigidulos
459 2412 552 2463 cubito
564 2412 675 2462 subnisa
692 2411 820 2476 pependit
831 2411 939 2461 ocellos.

295 2501 403 2552 Postera
418 2503 464 2552 lux
476 2501 521 2551 ubi
537 2503 603 2551 laeta
620 2501 692 2550 diem
706 2500 867 2550 mortalibus
877 2500 980 2548 almum

293 2590 325 2640 Et
339 2591 427 2655 gelida
439 2591 589 2642 venientem
603 2592 692 2656 ignem
707 2590 845 2656 quatiebat
858 2589 892 2638 ab
907 2589 983 2652 Oeta,

293 2680 380 2739 Quem
393 2680 503 2746 pavidae
514 2680 625 2732 alternis
640 2680 758 2746 fugitant
773 2690 922 2745 optantque
936 2678 1039 2744 puellae

293 2770 464 2834 {Hesperium
477 2770 570 2829 vitant,
583 2779 676 2835 optant
689 2769 826 2819 ardescere
842 2769 950 2831 Eoum),

293 2857 444 2925 Praeceptis
459 2870 532 2926 paret
546 2860 623 2926 virgo
638 2859 752 2910 nutricis
764 2869 790 2911 et
804 2873 901 2908 omnes

293 2946 420 3015 Undique
437 2949 574 3015 conquirit
588 2949 707 3000 nubendi
726 2949 817 2998 sedula
831 2962 934 2998 causas.

292 3036 471 3102 Temptantur
486 3038 586 3104 patriae
600 3039 744 3089 submissis
760 3039 873 3089 vocibus
887 3053 975 3096 aures,

291 3125 501 3191 Laudanturque
516 3127 602 3177 bonae
619 3126 690 3192 pacis
701 3127 793 3177 bona:
811 3127 912 3176 multus
928 3125 1034 3189 ineptae

291 3213 409 3280 Virginis
424 3213 535 3264 insolito
550 3230 639 3265 sermo
655 3231 740 3265 novus
755 3224 824 3264 errat
839 3214 868 3263 in
886 3229 941 3264 ore.

292 3303 370 3360 Nunc
384 3313 498 3354 tremere
510 3303 638 3354 instantis
655 3304 718 3354 belli
732 3303 878 3354 certamina
892 3301 959 3351 dicit

291 3391 527 3458 Communemque
545 3393 639 3442 timere
651 3392 742 3452 deum,
756 3407 827 3441 nunc
840 3392 910 3456 regis
924 3390 1028 3453 amicis,

292 3480 400 3546 lamque
414 3480 466 3546 ipsi
478 3481 562 3532 verita
573 3491 621 3543 est,
635 3482 733 3531 orbum
746 3480 791 3530 flet
804 3493 904 3531 maesta
921 3491 1067 3546 parentem,

291 3570 361 3620 Cum
376 3572 437 3622 love
449 3587 608 3622 communes
621 3571 668 3638 qui
684 3571 752 3621 nolit
766 3571 864 3620 habere
877 3581 997 3636 nepotes.

291 3659 369 3711 Nunc
384 3661 464 3711 etiam
477 3659 591 3712 conficta
605 3662 667 3712 dolo
685 3660 822 3711 mendacia
836 3660 909 3725 turpi

291 3750 396 3802 Invenit
409 3762 435 3803 et
447 3754 540 3804 divum
558 3734 638 3804 terret
652 3753 798 3804 formidine
814 3753 899 3815 cives;

292 3841 369 3892 Nunc
383 3842 434 3892 alia
449 3859 480 3892 ex
494 3843 553 3894 aliis
569 3847 628 3908 (nec
644 3844 753 3907 desunt)
768 3843 860 3892 omina
872 3844 987 3908 quaerit.

290 3930 363 3989 Quin
380 3933 460 3982 etiam
475 3944 561 3984 castos
575 3948 639 3984 ausa
655 3943 695 3984 est
712 3948 883 3998 corrumpere
899 3943 981 3991 vates,

292 4020 335 4082 Ut,
348 4036 410 4070 curn
423 4037 496 4072 caesa
513 4022 558 4088 pio
575 4022 717 4072 cecidisset
733 4021 840 4071 victima
858 4021 939 4083 ferro,

291 4109 386 4160 Essent
403 4110 449 4176 qui
465 4125 594 4174 generum
608 4111 698 4160 Minoa
714 4109 870 4159 auctoribus
887 4109 956 4158 extis

291 4196 401 4261 Iungere
416 4209 442 4247 et
454 4197 583 4262 ancipites
598 4198 741 4247 suaderent
755 4197 847 4245 tollere
865 4211 979 4262 pugnas.

321 4287 465 4350 miratrix,
482 4288 570 4350 patula
582 4300 749 4351 componens
765 4284 895 4350 sulphura
912 4295 988 4344 testa,

290 4375 444 4427 Narcissum
459 4376 612 4439 casiamque
624 4375 720 4424 herbas
736 4374 880 4424 contundit
897 4376 1000 4424 olentes

1057 4481 1072 4531 ti
