3134 5082
371 1487 446 1576 Qua
463 1485 601 1555 ratione
619 1484 717 1556 Ciris
737 1495 862 1552 auctor·
889 1483 1085 1575 Vergilium
1099 1485 1261 1554 imitatus
1276 1486 1337 1556 sit.

369 1945 420 2014 Ex
436 1943 488 2034 iis,
504 1965 591 2034 quae
610 1965 713 2034 supra
733 1943 822 2013 dicta
842 1962 933 2035 sunt,
953 1961 1085 2015 constat
1102 1944 1191 2014 Ciris
1211 1964 1384 2018 auctorem

321 2060 445 2132 Catulli
457 2059 559 2129 luisse
569 2059 773 2129 imitatorem
785 2078 816 2129 et
826 2081 997 2151 praeterea
1011 2084 1051 2130 eo
1063 2080 1214 2153 tempore
1228 2063 1383 2134 floruisse

322 2200 391 2267 quo
407 2175 532 2246 Catulli
555 2175 735 2256 auctoritas
753 2175 951 2246 auctoritate
967 2199 1172 2269 magnorum
1187 2197 1382 2270 poetarum,

321 2291 379 2382 qui
399 2311 477 2360 eum
496 2289 599 2359 secuti
619 2307 710 2376 sunt,
735 2290 889 2359 nondum
910 2307 1131 2382 praegravata
1145 2307 1231 2360 esset
1256 2317 1264 2361 :
1289 2296 1382 2382 quod

321 2407 559 2476 confirmatum
592 2424 641 2476 est
670 2427 691 2475 a
720 2404 792 2475 viro
818 2406 1025 2495 doctissimo,
1056 2407 1097 2476 L.
1126 2407 1283 2495 Mueller,
1309 2410 1380 2500 qui,

320 2545 399 2593 cum
417 2525 451 2591 in
471 2523 651 2593 verborum
667 2525 732 2593 line
749 2523 1000 2612 animadvertit,
1018 2547 1038 2593 o
1055 2523 1191 2594 brevem
1207 2530 1393 2615 nusquam

318 2659 505 2726 occurrere,
526 2639 764 2732 oproductam
783 2637 853 2709 sive
875 2639 909 2708 in
928 2638 995 2708 arsi
1018 2639 1086 2708 sive
1105 2639 1140 2708 in
1161 2639 1245 2709 thesi
1267 2640 1379 2709 decies

318 2770 451 2845 quater,
466 2777 575 2845 neque
587 2755 683 2825 aliter
701 2778 736 2824 se
754 2777 827 2824 rem
846 2755 968 2824 habere
983 2755 1017 2824 in
1039 2754 1234 2843 Catalectis‚
1249 2755 1379 2844 Culice‚

319 2869 466 2958 Murato,
486 2869 569 2940 haec
587 2871 717 2941 addidit
733 2883 742 2916 ¹
765 2865 785 2942 τ’
802 2897 819 2934 u
839 2870 932 2940 Hinc
943 2888 1084 2963 apparet
1098 2893 1166 2940 non
1187 2893 1259 2940 esse
1279 2893 1376 2941 com·

317 2987 427 3076 posita
441 2986 497 3056 illa
512 3006 589 3078 post
607 2987 740 3057 Claudii
758 2988 971 3078 Neronisque
989 3005 1136 3080 tempus,
1152 3011 1214 3058 nec
1239 3005 1289 3058 est
1310 2989 1378 3057 ulla

318 3126 420 3173 causa
440 3126 499 3173 cur
517 3106 677 3197 Augusto
696 3103 879 3173 recentiora
902 3127 974 3173 esse
989 3104 1154 3174 dicamus.
1175 3104 1269 3193 Quid
1283 3107 1376 3196 quod

318 3238 449 3310 partem
465 3241 581 3288 eorum
602 3241 644 3289 ne
663 3219 811 3308 Vergilio
838 3218 975 3307 quidem
996 3219 1239 3310 Propertioqoe
1263 3238 1376 3310 poste-

317 3336 407 3405 riora
421 3335 501 3404 satis
515 3357 586 3403 esse
601 3335 748 3403 constat?
764 3333 913 3403 maxime
932 3352 1046 3432 autem
1065 3356 1117 3403 res
1136 3352 1225 3404 certa
1241 3336 1275 3404 in
1290 3335 1375 3424 ciri,

316 3450 440 3543 quippe
457 3450 553 3519 cuius
571 3467 689 3519 auctor
706 3430 911 3519 aemulando
926 3449 1078 3541 pluribus
1097 3452 1131 3519 in
1147 3451 1228 3520 locis
1244 3474 1375 3541 expres-

315 3566 394 3637 serit
408 3567 532 3638 Catulli
553 3566 675 3657 elegias
694 3586 727 3635 et
746 3565 891 3657 epyllion
914 3567 956 3635 de
978 3567 1080 3636 Peleo
1104 3585 1136 3636 er
1152 3567 1267 3654 Theti,
1286 3590 1376 3657 quae

312 3682 369 3772 qui
389 3683 487 3751 luerit
506 3699 652 3753 sectatus
674 3700 751 3773 post
774 3681 915 3772 Augusti
934 3699 1078 3752 aetatem
1098 3683 1240 3775 cognovi
1265 3683 1373 3752 nemi·

312 3819 404 3884 nem,
423 3819 500 3866 curn
526 3796 678 3866 certatim
697 3796 790 3865 omni
813 3813 963 3887 tempore
988 3797 1234 3866 admirarentur
1256 3798 1370 3868 imita-

310 3930 491 4004 renturque
506 3910 806 4003 hendecasyllabos
820 3928 853 3981 et
867 3910 1000 3979 iambos
1016 3921 1042 3980 ².
1063 3940 1078 3974 »
1119 4001 1122 4008 .
1292 3921 1294 3924 ·

343 4185 411 4270 ¹3¹¹·
428 4185 549 4243 Mueller,
567 4185 608 4235 De
623 4198 653 4235 re
669 4192 740 4245 met,
755 4201 781 4250 p.
796 4201 840 4249 42·

339 4288 367 4325 2.
385 4274 427 4326 cf.
443 4274 559 4340 exempli
574 4274 668 4340 gratia,
690 4273 728 4325 Pl.
750 4274 823 4335 lun,
837 4273 913 4340 Epl..
929 4275 975 4334 lV,
997 4289 1037 4340 ¹4·
1050 4275 1288 4342 hendecasyllabos
1303 4289 1369 4325 suos

308 4363 420 4414 Paterno
442 4365 608 4428 mittentem3
628 4363 738 4421 scimus.
761 4356 807 4420 ait,
828 4363 929 4430 alioqui
953 4364 1036 4415 huius
1056 4365 1180 4430 opusculi
1209 4364 1284 4416 illam
1306 4378 1366 4416 esse
