3140 5072
303 508 351 602 54
653 528 701 577 uu
727 527 894 580 canutus
919 530 1015 582 crxrs

297 659 485 749 Quomodo
530 657 673 748 denique
707 659 861 729 iuvenem
898 660 1134 751 appellavisset
1166 663 1361 734 Messallam

298 796 403 866 prope
430 772 494 840 sibi
530 773 720 862 aequalem,
749 791 781 842 et
816 792 909 844 tanta
943 774 1187 846 necessitudine
1211 800 1291 848 cum
1322 803 1363 849 eo

298 883 496 959 coniunctus
512 906 609 972 esset,
625 906 662 957 ut
672 911 795 979 poema
809 890 940 959 tamdiu
951 891 1159 983 polliceretur
1171 893 1363 986 diceretque

298 1006 492 1092 Messallae,
510 1023 694 1096 postquam
714 1006 797 1075 alter
812 1007 975 1076 obscurus
989 1007 1050 1076 fuit
1065 1007 1099 1076 in
1123 1009 1275 1099 partibus
1296 1011 1364 1082 Oc-

296 1120 455 1208 tavianis,
475 1121 560 1190 alter
573 1119 715 1188 Antonii
730 1121 882 1210 partibus
897 1120 1128 1192 clarissimus?

341 1237 520 1328 Quidquid
533 1238 576 1307 ad
593 1226 654 1306 'nos
666 1238 708 1306 de
724 1236 825 1308 Gallo
840 1240 1003 1330 pervenit,
1023 1262 1102 1310 cum
1116 1241 1179 1309 hac
1195 1261 1364 1334 repugnat

298 1352 479 1444 opinione3
497 1353 579 1422 nihil
591 1376 670 1422 vero
684 1355 793 1444 magis
816 1377 921 1446 quarn
942 1357 1015 1446 ipsa
1030 1355 1103 1425 eius
1115 1355 1207 1424 fama
1223 1373 1255 1426 et
1273 1357 1362 1427 iudi-

294 1469 390 1538 cium
413 1469 621 1559 aequalium.
649 1469 770 1559 Quid?
793 1492 915 1560 poema
935 1471 1031 1539 cuius
1059 1471 1236 1540 virtutibus
1259 1490 1308 1540 tot
1332 1493 1364 1544 et

301 1600 397 1652 tanta
411 1582 492 1653 vitia
517 1582 680 1670 officiunt,
698 1583 759 1652 viri
782 1601 867 1653 esset
891 1601 923 1654 et
948 1585 1036 1654 illius
1061 1585 1201 1676 quidem
1226 1592 1365 1678 maturi,

300 1721 403 1789 quem
437 1697 589 1767 laudavit
616 1698 796 1791 Vergilius,
833 1722 902 1769 non
932 1700 1035 1769 modo
1062 1701 1098 1769 in
1127 1718 1219 1772 sexta
1241 1722 1274 1773 et
1305 1706 1364 1776 de·

296 1813 386 1882 eima
402 1812 545 1904 Ecloga,
564 1813 624 1883 sed
639 1813 741 1883 etiam
755 1813 788 1882 in
803 1813 989 1906 Georgicis,
1002 1819 1049 1885 ita
1063 1834 1101 1885 ut
1121 1835 1262 1908 quartus
1281 1821 1366 1891 liber

298 1927 452 1998 a-medio
476 1951 583 2019 usque
604 1928 647 1997 ad
667 1930 769 1998 finem
789 1931 861 1999 eius
880 1931 996 2000 laudes
1014 1933 1164 2023 primum
1188 1937 1365 2024 amplexus

299 2045 354 2132 sit,
368 2067 453 2135 quas
463 2062 580 2135 postea
591 2045 727 2114 iubente
740 2048 896 2137 Augusto
906 2047 939 2116 in
951 2048 1096 2117 Aristaei
1110 2049 1266 2119 fabulam
1277 2074 1369 2121 cotn-

299 2167 445 2238 mutavit
461 2169 489 2236 ¹?
505 2168 592 2238 Ciris
617 2186 703 2238 esset
721 2187 838 2259 poetae
861 2169 894 2238 in
911 2172 1030 2239 eodem
1050 2171 1118 2239 fere
1133 2167 1243 2263 gradu
1259 2169 1365 2237 collo·

298 2284 363 2354 cati
377 2306 416 2353 ac
437 2283 613 2354 Catullus?
632 2285 754 2376 dequo
768 2286 853 2354 dixit
867 2286 1013 2357 Ovidius
1031 2313 1038 2356 :

455 2508 522 2569 Quis
537 2507 625 2573 potuit
640 2509 707 2559 lecto
722 2508 807 2558 durus
821 2507 954 2559 discedere
967 2509 1044 2559 Gallo
1060 2508 1088 2558 ²?

296 2731 401 2804 ‚quem
422 2708 512 2782 idem
536 2707 630 2775 finxit
648 2729 727 2775 cum
750 2707 856 2776 Calvo
874 2725 908 2777 et
929 2707 1065 2778 Catullo
1081 2708 1113 2776 in
1140 2709 1255 2800 Elysia
1277 2709 1364 2778 valle

300 2824 438 2895 obviarn
453 2825 644 2894 venientem
663 2823 800 2892 Tibullo
817 2824 854 2892 ³?
872 2846 974 2914 quem
993 2823 1158 2894 Martialis
1174 2824 1260 2893 inter
1279 2825 1365 2893 Pro·

299 2941 445 3033 pertium
471 2939 719 3027 Tibullumque
748 2938 990 3027 Catullumque
1016 2937 1181 3025 nominat,
1209 2937 1269 3008 etsi
1298 2940 1362 3008 du·

299 3055 366 3126 rior
381 3055 512 3125 videtur
523 3053 735 3143 Quintiliano
748 3065 761 3100 ⁴
774 3055 786 3122 ?

342 3172 529 3261 Quomodo
544 3171 710 3261 Vergilius
725 3170 758 3237 in
771 3169 930 3238 omnibus
949 3171 1019 3238 suis
1037 3169 1194 3262 operibus
1208 3172 1275 3240 tale
1292 3194 1363 3242 car·

300 3312 379 3358 men
397 3287 520 3359 imitari
539 3285 727 3378 potuisset?
746 3286 796 3356 Ut
821 3285 855 3354 id
873 3285 1004 3374 feeerit,
1022 3286 1198 3376 quomodo
1217 3309 1270 3356 res
1291 3305 1363 3357 tam

301 3404 476 3496 singularis
495 3420 541 3490 et,
562 3402 653 3471 verbi
668 3400 774 3492 gratia
789 3401 914 3488 dicam,
929 3403 1139 3492 propemodo
1155 3402 1361 3494 prodigiosa,

299 3511 370 3589 non
382 3519 504 3588 tradita
518 3510 603 3587 esset
619 3540 639 3585 a
653 3516 880 3609 grammaticis
895 3517 1034 3607 aliisque
1046 3518 1104 3608 qui
1119 3534 1168 3586 tot
1179 3535 1211 3587 et
1225 3536 1296 3587 tam
1307 3542 1364 3586 va-

300 3637 350 3704 ria
363 3638 405 3705 de
421 3636 565 3705 Marone
578 3650 610 3703 et
623 3656 728 3724 prope
740 3633 879 3724 singulis
889 3634 959 3703 eius
973 3634 1124 3703 versibus
1139 3639 1362 3706 notaverunt?

299 3753 459 3822 Ceterum
474 3751 501 3820 si
522 3751 643 3821 Gallus
657 3748 748 3818 Cirin
765 3749 960 3840 scripsisset,
976 3749 1009 3818 id
1022 3750 1267 3839 accepissemus
1280 3773 1361 3841 pro-

300 3869 388 3938 fecto
415 3886 474 3939 aut
498 3891 537 3937 ex
560 3868 600 3937 iis
622 3890 709 3957 quos
732 3890 840 3958 nuper
858 3867 1017 3952 diximus,
1038 3883 1096 3934 aut
1123 3889 1162 3934 ex
1186 3866 1362 3956 Propertio

336 4106 641 4167 12Serv.,acht.,x.
660 4123 682 4156 r.

331 4215 355 4248 2.
371 4198 434 4257 Ον.,
446 4199 520 4248 Rem.
535 4203 604 4258 Ana,
620 4196 682 4263 765.

332 4287 356 4336 3.
372 4289 574 4352 ov.,nm.‚1tt,
592 4304 618 4354 q,
635 4286 679 4337 63.

331 4393 357 4438 q.
370 4375 457 4436 Mart,
473 4375 568 4443 Eptg,
584 4377 652 4438 Vlll,
670 4375 712 4438 78,
731 4375 754 4424 5.
774 4373 877 4434 Quint,
893 4375 926 4430 X,
946 4391 965 4423 r.
