3134 5082
561 445 618 510 'nu
644 457 812 510 carmus
838 457 934 510 crtus
1234 437 1279 512 23

219 606 349 682 gerent,
364 587 457 657 Cirin
473 586 570 657 facile
587 585 799 655 crederemus
813 608 882 654 non
900 587 1002 656 talem
1021 588 1065 655 ad
1084 607 1146 655 nos
1162 607 1282 678 perve-

218 706 321 794 nisse,
338 703 448 795 qualis
460 701 626 794 principio
642 701 765 792 scripta
788 718 886 790 esset,
910 703 969 771 sed
989 701 1141 772 librarios
1165 723 1282 772 versus

218 820 344 894 Catulli
358 818 565 911 Vergiliique
585 841 688 909 quam
705 817 870 909 plurimos
893 817 1085 905 inseruisse,
1108 834 1144 886 ut
1163 818 1280 886 viden-

217 953 272 1005 tur
295 956 556 1024 nonnumquam
584 933 618 1002 in
643 934 778 1026 Vergilii
803 933 1011 1002 carminibus
1034 957 1149 1006 versus
1176 935 1281 1025 ipsius

217 1049 388 1141 repetisse.
423 1049 474 1118 Ut
502 1065 617 1117 tamen
651 1048 686 1116 id
722 1048 851 1118 factum
882 1047 947 1135 sit,
975 1066 1078 1139 utque
1109 1049 1280 1140 possimus

217 1165 307 1235 hunc
334 1181 393 1234 aut
415 1163 510 1234 illum
536 1163 725 1233 alienorum
748 1186 909 1234 versuum
933 1163 1061 1250 tollere,
1085 1179 1156 1232 tam
1179 1163 1278 1232 multi

217 1297 399 1374 supersunt
419 1295 454 1348 ut
478 1277 544 1347 alia
577 1294 649 1349 tarn
681 1278 836 1348 assiduae
860 1277 1056 1349 imitationis
1089 1276 1174 1347 ratio
1201 1277 1274 1346 red-

216 1396 334 1466 denda
354 1395 409 1464 sit.

261 1509 401 1580 Arenim
424 1531 517 1578 mera
539 1525 589 1579 est
610 1509 851 1579 adulescentuli
876 1509 1080 1596 exercitatio,
1107 1509 1160 1578 cui
1184 1509 1277 1578 cordi

215 1625 315 1694 fuerit
349 1647 454 1716 quarn
481 1626 646 1716 plurimos
682 1647 885 1717 magnorum
924 1642 1104 1716 poetarum
1140 1647 1274 1716 pannos

215 1743 380 1832 opusculo
405 1763 467 1810 suo
490 1741 641 1810 adsuere.
668 1744 714 1809 At
735 1758 851 1810 contra
877 1757 1008 1810 constat
1033 1743 1098 1810 hoc
1123 1739 1273 1832 epyllion

214 1854 364 1925 hominis
392 1880 464 1927 esse
489 1873 643 1926 maturae
666 1856 782 1926 aetatis
801 1857 995 1946 maturique
1016 1856 1153 1948 ingenii.
1183 1857 1275 1928 Con·

138 2002 142 2012 ·
214 1971 419 2042 cludendum
442 1987 491 2040 est
510 1972 610 2063 igitur
632 1972 743 2040 virum
768 1995 846 2042 eum
865 1972 968 2041 fuisse
995 1993 1063 2070 non
1084 1987 1193 2056 totum
1217 1971 1275 2041 de-

211 2093 322 2162 ditum
336 2087 457 2174 Nlusls,
473 2087 532 2155 sed
551 2086 609 2178 qui
625 2109 681 2156 eas
694 2069 753 2156 otii
770 2087 970 2156 honestandi
988 2109 1090 2156 causa
1105 2087 1273 2156 interdum

211 2207 347 2292 coleret,
375 2203 514 2294 quique,
541 2203 698 2293 quamvis
732 2203 830 2273 annis
854 2220 1023 2290 maturus,
1050 2201 1214 2294 poetices,
1237 2220 1274 2272 ut

210 2319 406 2414 sapientiae,
438 2319 678 2411 magistrorum
710 2319 896 2409 praeceptis
923 2320 1023 2387 etiam
1050 2336 1126 2388 tum
1150 2335 1271 2411 egeret.

211 2439 334 2528 Neque
358 2433 449 2503 aliud
463 2435 635 2525 praeterea
655 2433 729 2504 lecit
752 2456 857 2524 quam
876 2434 967 2525 quod
982 2421 1101 2504 omnes
1122 2434 1273 2506 eiusdem

208 2549 371 2645 temporis
386 2548 820 2640 scriptores3nobilissimos
830 2572 983 2640 quosque
993 2549 1156 2640 imitatur,
1167 2552 1273 2622 immo
1330 2545 1333 2550 Δ

208 2670 348 2761 expilat,
368 2692 438 2741 non
456 2668 560 2739 modo
578 2667 761 2736 decorandi
777 2667 828 2735 sui
851 2667 975 2758 operis,
995 2668 1054 2736 sed
1079 2669 1182 2739 etiam
1197 2693 1272 2739 sus-

133 2807 136 2813 ·
207 2785 335 2855 tinendi
349 2807 466 2872 causa,
479 2806 587 2874 neque
601 2783 709 2876 magis
719 2806 778 2874 per
787 2782 1007 2853 ambitionem
1020 2806 1123 2874 quarn
1137 2805 1272 2878 propter

206 2900 372 2992 inopiam.
409 2900 498 2970 Cum
530 2917 644 2970 autern
671 2899 808 2967 liberius
834 2897 936 2967 etiam
963 2922 1068 2989 quam
1099 2902 1198 2970 ceteri
1231 2926 1270 2974 ex

205 3016 271 3084 hoc
298 3016 389 3086 fonte
418 3015 581 3101 hauserit,
603 3013 681 3082 inde
713 3013 816 3104 liquet
845 3035 925 3082 eum
952 3031 985 3083 et
1012 3015 1159 3107 Vergilio
1187 3035 1269 3087 natu

205 3129 373 3199 minorem
397 3129 515 3217 fuisse,
541 3146 573 3198 et
598 3129 723 3220 ipsum,
747 3145 913 3219 quantum
932 3125 1066 3220 ingenio
1090 3149 1268 3222 poetarum

204 3245 388 3316 latinorum
412 3244 562 3337 principe
589 3245 744 3333 distaret,
771 3244 910 3314 minime
928 3245 1073 3314 voluisse
1103 3247 1267 3319 dissimu-

207 3362 287 3430 lare.
957 3343 959 3348 ’

250 3471 317 3544 Sed
346 3473 430 3546 haec
452 3475 625 3544 hactenus.
652 3474 756 3563 Quod
779 3475 820 3543 de
843 3475 947 3543 nostri
966 3474 1151 3549 imitatione
1171 3503 1267 3550 sum-

207 3592 328 3661 matim
354 3593 586 3683 exposuimus,
612 3591 647 3660 id
673 3590 768 3660 facile
799 3591 1056 3662 confirmabitur
1082 3595 1109 3663 si
1136 3596 1268 3690 singula

205 3708 324 3778 ordine
338 3707 598 3800 inspexerimus.

250 3824 378 3893 Versus
400 3823 491 3893 enim
515 3823 574 3913 qui
601 3822 660 3892 toti
682 3822 717 3890 in
740 3822 833 3892 Cirin
853 3823 977 3914 recepti
1003 3846 1096 3914 sunt,
1118 3828 1268 3918 plerique

205 3939 350 4009 suntab
384 3937 519 4030 Eclogis
543 3937 704 4028 excerpti;
732 3937 821 4007 unde
844 3955 983 4028 apparet
1010 3958 1161 4032 poetam,
1187 3965 1267 4013 curn

206 4086 292 4154 opus
332 4082 434 4130 suum
472 4059 588 4129 alienis
626 4057 833 4126 ornamentis
869 4058 1109 4127 commendare
1150 4060 1266 4149 vellet,

207 4199 247 4248 ea
268 4177 483 4268 potissimum
501 4173 651 4244 carmina
674 4172 709 4241 in
736 4173 917 4264 legentium
940 4174 1142 4243 memoriam
1168 4197 1261 4244 revo-

207 4295 332 4364 cavisse
358 4316 444 4384 quae
473 4315 535 4361 suo
561 4307 711 4382 tempore
740 4291 886 4360 maxime
918 4292 1099 4381 placerent.
1129 4291 1263 4361 «Cum
