3134 5082
543 497 592 546 nn
617 494 784 546 carunto
810 493 905 546 enus
961 563 963 568 ,
1206 471 1248 546 31

195 629 320 699 Nonne
340 625 425 694 inter
442 625 568 693 insulas
587 647 672 714 quas
687 623 765 693 navi
780 645 944 714 suspensa
960 621 1117 715 praeterit
1128 619 1254 714 Scylla,

194 742 367 832 quaedam
380 739 448 810 fere
468 740 587 811 iisdem
604 740 777 810 vocabulis
791 739 1010 830 designantur
1023 757 1124 831 atque
1139 739 1173 808 in
1188 754 1255 807 ter-

194 856 242 924 tio
257 855 429 924 Aeneidos
449 854 560 925 libro?

352 1105 583 1170 Marmoreemque
598 1101 685 1153 Paron
700 1100 869 1168 viridemque
880 1101 987 1167 adlapsa
1001 1101 1151 1170 Donysam.

1045 1191 1122 1256 (Cin,
1137 1193 1210 1260 47⁶·)

478 1307 654 1374 Viridemque
671 1307 807 1372 Donysam

347 1401 473 1450 Olearum
487 1397 646 1462 niveamque
660 1397 761 1460 Paron;

707 1487 797 1550 (Aen,
817 1486 859 1544 ΙΙΙ,
877 1487 948 1552 127.)

200 1720 300 1810 idque
321 1719 356 1787 in
378 1719 452 1786 loco
472 1717 530 1786 ubi
546 1732 660 1784 noster
685 1713 828 1784 eandem
849 1713 975 1784 itineris
999 1715 1258 1808 descriptionem

199 1839 257 1908 sed
274 1835 427 1928 pluribus
446 1832 557 1902 verbis
582 1848 614 1901 et
639 1830 765 1899 maiore
780 1829 960 1899 nominum
974 1851 1117 1901 numero
1136 1855 1258 1904 onera·

198 1973 269 2024 tam
284 1951 431 2039 effinxit3
446 1949 553 2018 immo
567 1951 645 2038 plus
661 1968 766 2039 quam
781 1969 889 2016 unum
904 1947 946 2016 de
960 1947 1068 2020 insula
1084 1949 1169 2042 Delo
1183 1972 1258 2021 ver·

199 2098 276 2146 sum
290 2090 466 2144 mutuatus
482 2085 531 2139 eSi
549 2093 558 2136 ἓ

354 2324 499 2390 Linquitur
515 2333 576 2376 ante
588 2323 652 2374 alias
666 2323 745 2388 longe
759 2321 912 2390 gratissima
921 2321 1008 2374 'Delos

357 2412 502 2463 Nereidum
518 2412 596 2462 matri
611 2421 636 2462 et
650 2412 775 2477 Neptuno
791 2414 908 2478 Aegaeo.

882 2499 1043 2566 teir-‚nto

358 2641 438 2690 Sacra
452 2640 519 2691 mari
534 2639 631 2692 colitur
644 2641 734 2692 medio
750 2640 904 2707 gratissima
921 2627 1000 2693 tellus
1048 2617 1055 2632 Α

358 2725 502 2777 Nereidum
517 2726 595 2777 matri
608 2736 634 2776 et
647 2727 774 2786 Neptuno
789 2729 902 2794 Aegaeo.

834 2818 918 2878 (dem
934 2817 977 2884 lll,
993 2815 1047 2883 73.)

201 3041 308 3110 Plura
321 3040 391 3109 iam
409 3039 604 3108 huiusmodi
632 3039 784 3130 exempla
808 3059 877 3106 non
903 3042 1095 3128 quaerenda
1114 3065 1187 3113 esse
1212 3067 1263 3116 ar-

201 3156 388 3243 bitramur3
414 3155 522 3224 exiis
549 3155 655 3243 enim,
686 3176 774 3245 quae
801 3154 1001 3244 obtulimus,
1030 3157 1100 3228 iam
1126 3161 1263 3246 conclu-

202 3272 281 3339 dere
299 3269 387 3357 licet,
407 3270 495 3340 Ciris
517 3287 691 3339 auctorem
715 3292 784 3339 non
808 3271 919 3340 solum
942 3271 1079 3364 Vergilii
1098 3298 1213 3346 versus
1228 3275 1263 3347 in

203 3410 305 3456 suum
320 3405 455 3455 carmen
470 3403 530 3453 aut
545 3384 635 3452 hunc
650 3402 709 3453 aut
727 3383 823 3452 illum
838 3385 940 3475 (qnod
957 3385 1094 3477 quidem
1116 3389 1264 3460 Romani

203 3518 324 3593 poetae
354 3522 472 3569 omnes
498 3499 726 3589 factitabant),
758 3500 816 3570 sed
841 3501 1000 3572 omnibus
1026 3503 1179 3579 imitandi
1208 3529 1268 3582 ra:

202 3615 350 3684 tionibus
371 3613 517 3683 abusum
547 3637 633 3702 esse,
656 3615 779 3706 quibus
801 3617 913 3686 adhuc
938 3616 973 3686 in
998 3621 1121 3692 nostris
1144 3622 1265 3691 scholis

204 3729 314 3821 pueri,
334 3751 413 3799 cnm
435 3729 536 3804 latine
555 3753 673 3800 versus
692 3748 945 3822 componerent.
960 3733 1038 3803 Hoc
1050 3751 1164 3805 autem
1178 3736 1211 3810 in
1225 3759 1264 3807 ea

202 3867 240 3914 re
260 3844 459 3930 notabilius,
475 3845 568 3934 quod
592 3857 661 3914 non
683 3847 786 3915 semel
806 3866 875 3915 uno
895 3847 930 3916 in
945 3847 1018 3916 loco
1037 3850 1149 3939 plures
1167 3852 1264 3941 quasi

206 3983 340 4054 pannos
359 3961 443 4030 alios
470 3961 604 4034 aliunde
632 3962 762 4032 ablatos
788 3963 930 4034 consuit.
956 3965 1055 4033 Talia
1076 3965 1168 4036 enim
1188 3988 1265 4038 non

204 4099 314 4170 pauca
336 4097 415 4148 sunt
439 4103 447 4149 ι
466 4078 525 4165 ita,
541 4077 599 4147 ubi
614 4078 716 4148 verba
733 4107 749 4142 «
766 4100 893 4170 poenos
915 4079 1057 4170 leones»
1078 4081 1122 4150 ab
1140 4083 1265 4175 Ecloga

203 4196 323 4285 quinta
338 4193 465 4284 cepisse
487 4193 632 4280 videtur,
653 4215 766 4264 nonne
784 4193 910 4263 ibidem
923 4194 1007 4262 alios
1023 4191 1265 4287 Georgicorum
1352 4271 1354 4276 ,

204 4331 321 4379 versus
340 4331 482 4378 numero
496 4325 528 4377 et
542 4307 702 4399 adspectu
722 4309 869 4379 effinxit?
