3140 5072
291 468 344 539 40
640 469 689 518 DF.
716 469 883 520 CARMINE
910 469 1004 520 ClRlS

335 596 435 664 Alius
458 596 508 663 vir
533 595 651 664 doctus
679 597 915 668 animadvertit
945 622 1135 691 numquam
1164 605 1349 698 Vergilium

290 742 306 775 a
325 735 366 782 ac
384 741 399 776 »
421 712 472 780 vei
492 740 506 773 α
528 731 628 803 atque
648 742 663 777 ι)
686 733 763 805 post
783 716 874 784 aliud
889 718 1031 786 verbum
1052 721 1274 811 transtulisse,
1287 724 1351 792 etsi

289 848 556 915 nonnumquam
574 855 590 889 α
609 845 689 897 et».
709 829 776 897 Hic
792 847 904 899 autem
919 830 1040 923 legitur
1058 857 1067 902 ι

451 1047 582 1114 Coniugis
595 1059 674 1115 atque
688 1057 757 1112 tuae,
772 1063 957 1116 quaecumque
970 1051 1019 1102 erit
1033 1052 1087 1110 illa,
1103 1053 1202 1105 beatae.

1092 1143 1169 1205 (cin,
1181 1145 1234 1209 445
1248 1151 1256 1207 )

449 1253 581 1303 Promissa
597 1263 676 1320 atque
690 1253 736 1303 diu
752 1253 805 1304 iam
822 1255 928 1304 tandem
944 1257 1052 1307 exordia
1066 1258 1146 1308 rebus
1158 1269 1179 1309 ¹.

1143 1348 1216 1406 teir..
1233 1352 1289 1414 tn)

336 1544 391 1613 Ne
410 1540 531 1628 multa,
546 1563 565 1609 a
582 1562 681 1628 prosa
704 1539 855 1609 oratione
877 1561 945 1608 non
961 1557 1093 1610 tantum
1106 1544 1207 1614 distat
1230 1547 1263 1615 in
1279 1547 1348 1618 Ciri

203 1727 206 1734 ,
290 1680 415 1745 sermo,
439 1663 604 1747 quantum
628 1655 662 1724 in
689 1677 905 1724 summorum
933 1657 1021 1727 iliius
1047 1661 1209 1751 temporis
1235 1681 1348 1754 poeta·

291 1794 369 1842 rum
394 1771 619 1841 carminibus:
638 1771 802 1863 vocabula
826 1771 965 1860 quidem
990 1775 1151 1843 nonnulla
1171 1776 1216 1846 ibi
1231 1779 1348 1849 obver-

290 1906 419 1972 santur,
435 1909 522 1976 quae
536 1887 658 1956 frustra
668 1909 812 1976 quaeras
827 1888 918 1977 apud
931 1888 1137 1980 Vergilium3
1159 1892 1258 1983 idque
1279 1917 1348 1963 non

289 2119 471 2188 eorundem
487 2120 665 2188 verborum
690 2141 784 2203 usus,
799 2136 837 2186 ut
855 2118 946 2187 verbi
970 2149 986 2181 «
1010 2139 1119 2191 texere
1138 2152 1153 2185 »
1181 2125 1235 2192 cui
1263 2147 1347 2215 qua-

290 2254 339 2306 ter
353 2236 537 2305 occurritur
554 2237 642 2304 intra
662 2252 797 2303 centum
818 2235 945 2325 primos
964 2259 1093 2325 versus,
1111 2256 1348 2330 praeterquam

290 2353 381 2443 quod
396 2353 482 2421 infra
498 2351 600 2420 etiam
614 2351 717 2419 semel
733 2367 881 2419 recursat
897 2363 922 2418 ².

333 2466 412 2537 Sed
437 2465 603 2557 imprimis
638 2487 705 2533 non
742 2465 888 2555 perfecta
929 2466 985 2534 illa
1012 2484 1179 2538 structura
1207 2471 1348 2563 scriptor

291 2588 407 2672 utitur,
427 2607 493 2677 qua
517 2601 634 2654 sensus
655 2608 734 2653 curn
755 2608 852 2655 versu
877 2583 977 2653 simul
1001 2586 1046 2655 ita
1071 2591 1283 2677 terminatur,
1311 2609 1348 2660 ut

292 2702 429 2795 legentis
455 2701 613 2771 iudicium
648 2701 727 2769 nihil
758 2701 826 2769 iam
851 2718 1035 2790 exspectet,
1071 2705 1143 2796 ipsa
1175 2705 1266 2776 auris
1295 2707 1347 2776 ni·

293 2820 338 2889 hil
365 2819 540 2888 desideret.
566 2817 725 2886 Ambitus
752 2818 824 2884 illos
852 2818 1030 2888 verborum
1061 2822 1207 2892 maxime
1230 2824 1348 2912 plenos

327 3061 348 3094 1.
366 3043 424 3093 Nisi
434 3059 496 3094 cum
508 3043 652 3093 Ribbeckio
665 3042 807 3108 legendum
818 3043 853 3093 sit
864 3061 870 3094 :
882 3062 895 3090 ιι
905 3043 1107 3110 Promissaeque
1117 3044 1163 3095 diu
1173 3044 1226 3094 iam
1239 3045 1347 3095 tandem

292 3132 399 3183 exordia
412 3132 547 3198 opellae»,
563 3133 604 3182 vel
614 3151 628 3179 u
639 3146 730 3181 musae
743 3151 756 3177 n
771 3131 811 3181 vel
825 3150 838 3178 n
854 3146 931 3182 curae
946 3153 960 3181 n
974 3133 1137 3197 (Baehrens),
1149 3143 1194 3184 aut
1209 3153 1221 3180 a
1228 3135 1348 3200 promis-

292 3225 381 3288 sisque
394 3223 439 3272 diu
454 3223 506 3272 iam
523 3221 629 3270 tandem
644 3218 752 3269 exordia
763 3219 841 3268 rebus
853 3237 876 3282 n,
892 3222 964 3287 quod
981 3237 1114 3288 nusquam
1127 3223 1274 3274 coniectum
1290 3237 1347 3273 esse

292 3297 431 3361 miramur.
842 3315 847 3324 '

322 3415 349 3449 a.
448 3399 508 3449 Non
522 3407 610 3448 tamen
628 3398 895 3466 absistam-coeptum
907 3401 1035 3452 detexere
1051 3417 1159 3452 munus.

1097 3491 1172 3555 (Ciu,
1189 3495 1223 3558 o)

445 3602 495 3654 Sed
514 3617 611 3668 magno
627 3605 758 3668 intexens
777 3605 799 3655 si
818 3605 857 3656 fas
871 3616 911 3658 est
926 3607 1021 3666 dicere.
1037 3609 1124 3675 peplo.

1079 3697 1156 3762 (Cin,
1172 3700 1224 3760 21.)

445 3810 559 3859 Naturae
577 3826 666 3861 rerum
680 3810 785 3876 magnis
800 3811 922 3863 intexere
936 3813 1044 3864 chartis.

983 3903 1060 3967 (Cin,
1076 3901 1127 3972 39.)

444 4020 532 4085 Atque
550 4033 649 4069 novum
664 4029 772 4071 aeterno
783 4021 939 4086 praetexite
954 4021 1058 4072 honore
1070 4022 1206 4074 volumen.

1148 4114 1222 4176 (Cin,
1240 4119 1313 4181 roo.)

600 4225 673 4275 Nihil
686 4227 809 4293 estquod
826 4227 928 4278 texitur
945 4229 1039 4279 ordine
1051 4230 1173 4296 longum.

1124 4321 1197 4383 teir..
1210 4319 1280 4391 339¹)
1320 4339 1323 4348 ·
