3140 5072
553 482 602 530 oa
629 479 795 530 cnuurue
822 457 917 529 cuns
1221 457 1266 552 57

203 613 313 706 partio
338 624 346 654 ¹
365 631 465 701 quem
487 607 572 676 circa
587 629 716 675 annum
739 605 830 675 DCC
844 621 963 674 natum
982 627 1054 672 esse
1073 605 1267 672 constatis

203 751 356 820 quoque,
379 743 416 794 ut
433 743 559 810 noster,
584 721 784 814 sapientiam
803 720 904 789 coluit
922 737 955 788 et
973 718 1066 787 libris
1091 717 1268 789 Socraticis

206 841 419 931 Lucretiique
438 838 565 908 studuit
579 836 749 928 operibus,
765 853 797 904 et
814 834 964 911 carmina
979 834 1180 924 composuit.
1200 832 1267 903 Sed

206 963 365 1052 Lynceus
384 958 515 1026 videtur
534 955 641 1026 vitam
655 975 794 1024 omnem
812 953 845 1022 in
862 952 1074 1043 philosophia
1093 969 1125 1020 ct
1144 953 1266 1021 severis

206 1075 414 1147 carminibus
425 1073 511 1164 epici
525 1090 555 1141 et
566 1071 682 1162 tragici
695 1070 823 1160 generis
841 1068 1107 1159 consumpsisse3
1122 1066 1266 1156 denique

206 1215 363 1263 amorem
377 1191 485 1260 serius
507 1206 663 1280 expertus
686 1206 746 1259 est.
764 1187 892 1257 Contra
908 1208 961 1274 ea,
981 1200 1094 1253 noster
1109 1199 1266 1274 provecta

206 1309 277 1378 iam
292 1322 399 1376 aetate
413 1305 664 1397 philosophiam
681 1305 776 1392 adiit,
793 1326 914 1394 neque,
930 1311 1126 1394 ut'apparet
1138 1325 1179 1371 ex
1193 1302 1266 1392 ipso

206 1446 320 1514 opere,
342 1423 436 1492 rudis
463 1421 526 1490 fuit
550 1443 722 1508 amorum,
743 1443 851 1512 neque
873 1431 950 1490 euru
974 1420 1112 1509 quidem
1138 1417 1267 1488 amicus

205 1539 355 1609 iussisset
369 1539 474 1608 satius
496 1538 665 1608 Philetam
684 1537 811 1606 imitari

363 1758 395 1809 Et
412 1775 464 1808 non
484 1758 568 1809 inflati
582 1758 686 1809 somnia
696 1758 863 1810 Callimachi.

252 1957 329 2046 Ipse
339 1955 500 2024 enimnos
510 1955 891 2024 docetiamdudumhoc
900 1977 1005 2046 genus
1014 1979 1049 2024 se
1059 1960 1266 2046 tractavisse,

208 2095 331 2162 nempe
346 2072 464 2140 lusisse
477 2072 646 2140 interdum
659 2089 690 2140 et
704 2071 888 2164 «gracilem
902 2071 994 2141 molli
1007 2074 1092 2163 pede
1109 2075 1266 2144 clausisse

207 2210 378 2256 versum»
403 2199 428 2255 ².
451 2189 510 2256 Ad
531 2189 628 2277 haec,
643 2189 670 2256 is
690 2212 759 2279 quo
778 2188 863 2258 adeo
885 2189 1093 2258 familiariter
1115 2212 1197 2260 usus
1219 2209 1268 2260 est

207 2305 419 2395 Propertius,
439 2305 588 2396 profecto
610 2307 682 2398 pari
710 2307 773 2375 fuit
800 2307 934 2375 fortuna
960 2323 992 2375 et
1018 2308 1191 2398 dignitate,
1207 2331 1268 2377 nec

207 2444 347 2514 prorsus
366 2423 427 2490 fuit
450 2422 541 2492 idem
568 2425 624 2513 qui
651 2424 795 2492 honores
814 2423 1005 2493 fastidiebat
1023 2443 1056 2493 et
1071 2424 1267 2493 Messallam

153 2531 157 2540 ’
207 2567 225 2603 «
246 2539 409 2608 iuvenum
422 2538 613 2608 doctissime
631 2569 643 2602 n
663 2539 865 2630 appellabat.

253 2657 344 2746 Ergo
359 2654 600 2724 concludemus
620 2655 789 2723 neminem
805 2677 843 2723 ex
860 2655 899 2724 iis
918 2655 976 2746 qui
990 2657 1065 2745 quis
1079 2656 1178 2725 fuerit
1191 2679 1267 2726 auc-

205 2791 260 2842 tor
274 2773 362 2842 Ciris
374 2771 625 2861 quaesiverunt,
641 2770 823 2860 quicquam
836 2771 1030 2861 profecisse3
1050 2793 1158 2860 neque
1173 2772 1266 2840 aliud
1360 2775 1364 2781 ’

205 2888 400 2958 confirmari
414 2909 526 2978 posse,
542 2887 605 2955 nisi
620 2909 707 2975 quae
722 2885 867 2955 diximus
884 2913 891 2956 ι
907 2886 1028 2957 scilicet
1040 2888 1136 2958 illurn
1150 2889 1268 2978 Vergi-

205 3006 250 3074 lio
269 3006 373 3094 paulo
400 3003 568 3072 minorem
584 3003 671 3070 circa
690 3024 820 3071 annum
848 3002 940 3073 DCC
960 3019 1092 3091 natum,
1114 3025 1184 3072 non
1201 3004 1265 3072 hu-

204 3120 277 3189 mili
291 3099 439 3207 fortuna,
454 3120 524 3188 iam
539 3119 788 3188 adulescentem
802 3119 837 3187 in
854 3119 1030 3188 lllessallae
1042 3135 1139 3187 coetu
1156 3119 1267 3188 Musis

203 3235 394 3319 studuisse3
415 3251 545 3324 postea,
565 3232 697 3301 omissis
722 3231 824 3302 rebus
841 3233 997 3324 publicis,
1013 3233 1263 3324 philosophiam

206 3368 237 3418 et
255 3350 391 3440 Epicuri
405 3350 594 3419 doctrinam
606 3349 764 3432 coluisse;
780 3367 951 3440 postremo
963 3350 1055 3420 Cirin
1069 3374 1136 3420 non
1149 3352 1194 3421 ita
1206 3352 1263 3422 diu

240 3628 261 3663 1.
275 3613 365 3678 Prop.‚
382 3613 413 3668 ΙΙ.
430 3612 464 3677 34
474 3613 528 3678 (Ill,
547 3613 601 3676 32),
618 3613 672 3663 25:

499 3729 603 3786 Lynceus
614 3728 662 3786 ipse
672 3743 736 3774 meus
747 3743 810 3775 seros
820 3731 905 3777 insanit
914 3745 1010 3778 amores.

236 3874 261 3908 2.
358 3860 416 3911 Non
429 3861 562 3928 equidem,
579 3863 701 3928 quamvis
716 3863 848 3914 interdum
864 3865 954 3915 ludere
967 3865 1047 3916 nobis

359 3949 394 3999 Et
408 3949 534 4014 gracilem
546 3949 621 3999 molli
636 3950 713 4000 liceat
729 3951 794 4016 pede
805 3952 927 4002 claudere
942 3968 1060 4005 versum.

1035 4045 1110 4110 (Cir,
1130 4047 1177 4111 tn)

363 4159 432 4206 Haec
447 4167 535 4207 tamen
551 4157 653 4208 interea
666 4175 734 4224 quae
747 4175 891 4223 possumus
908 4171 933 4210 et
948 4160 1048 4226 quibus
1060 4159 1115 4209 aevi

364 4246 451 4296 Prima
466 4247 619 4297 rudimenta
636 4257 662 4298 et
679 4247 781 4312 primos
795 4249 932 4314 exegimus
946 4264 1040 4298 annos.

987 4338 1062 4403 (cn,
1079 4342 1135 4403 44)
