3140 5072
451 473 463 496 ⁰
547 499 606 566 'nu
632 515 797 568 cnuurnu
823 516 920 569 crtus
1217 520 1267 596 49

203 660 237 714 et
257 661 374 735 postea
387 643 478 733 quod
497 641 566 712 iam
581 643 826 734 composuisset
840 645 1084 734 retractavisse‚
1099 646 1269 736 finemque

205 762 307 831 simul
333 761 502 831 addidisse
531 786 539 831 :
569 761 647 831 inde
675 763 886 853 suspicamur
911 763 979 832 fieri
1002 780 1038 831 ut
1063 763 1096 831 in
1121 780 1269 834 extremo

206 876 355 945 carmine
385 876 523 968 propius
552 876 740 968 Vergilium
768 877 863 966 sequi
890 876 1060 963 videatur,
1095 879 1127 947 in
1159 877 1270 968 priore

204 1011 303 1084 parte
331 992 438 1085 magis
458 1011 608 1062 veterum
628 992 840 1084 disciplinam
860 993 1048 1063 retinuisse.
1072 994 1156 1064 Inde
1175 1017 1270 1085 prae·

205 1126 297 1179 terea
313 1109 434 1178 clarius
450 1107 748 1199 interpretaremur
763 1108 854 1178 hunc
868 1131 1023 1178 versum:

363 1305 568 1372 Promissaeque
580 1305 626 1355 diu
643 1304 696 1356 iam
710 1305 818 1355 tandem
835 1305 944 1356 exordia
960 1321 1069 1366 musae;

206 1493 308 1567 atque
326 1476 405 1544 inde
426 1475 526 1544 etium
547 1475 653 1565 (quod
671 1492 785 1544 tamen
801 1477 905 1566 paulo
917 1475 1081 1560 ¹audacius
1100 1497 1162 1544 nos
1178 1476 1270 1545 coni-

204 1616 280 1662 cere
298 1592 453 1680 fatemur)
475 1591 578 1660 nimia
594 1591 739 1661 brevitas
755 1593 878 1661 horum
899 1613 1072 1680 versuum,
1089 1614 1174 1682 quos
1189 1613 1270 1661 auc-

204 1725 258 1777 tor
273 1707 348 1776 ideo
363 1708 502 1776 demum
527 1706 696 1798 scripsisse
718 1706 852 1776 videtur
875 1724 912 1775 ut
937 1729 957 1776 a
980 1706 1092 1797 priore
1112 1725 1207 1800 parte
1226 1706 1271 1776 ad

203 1823 439 1915 posteriorem,
455 1841 618 1914 tanquam
632 1840 747 1913 ponte,
773 1823 930 1893 transiret
948 1848 956 1894 :

362 2051 431 2116 Ergo
442 2050 540 2101 iterum
551 2052 630 2118 capiti
643 2053 729 2118 Scylla
742 2061 781 2102 est
792 2051 902 2102 inimica
913 2062 1023 2118 paterno
1037 2069 1042 2102 :

361 2140 434 2190 Tum
449 2155 525 2190 romu
536 2140 647 2190 Sidonio
660 2139 759 2192 florens
772 2141 905 2191 deciditur
922 2152 1004 2204 ostro,

361 2231 434 2281 Tum
448 2231 552 2296 capitur
567 2233 673 2298 Megara
685 2243 709 2282 ct
723 2233 817 2282 divum
829 2247 956 2297 responsa
967 2231 1123 2297 probantur,

361 2317 432 2366 Tum
448 2333 575 2384 suspensa
590 2334 659 2369 novo
675 2319 727 2368 ritu
738 2319 771 2370 de
787 2320 971 2372 natibusultis

364 2405 410 2456 Pet
425 2422 496 2458 mare
511 2409 660 2458 caeruleum
676 2409 791 2459 trahitur
808 2409 896 2458 Niseia
909 2409 984 2475 virgo
996 2412 1014 2460 ¹.

240 2619 262 2654 ι.
279 2602 361 2666 Ciris,
378 2601 427 2654 386
439 2619 479 2670 sq.
