3140 5072
668 489 717 537 DE
743 489 908 538 CARhllNE
934 487 1030 538 ClRlS

472 615 574 682 Cymba
584 615 655 665 velut
668 629 776 681 magnas
791 617 915 682 sequitur
925 632 985 668 curn
997 615 1105 681 parvula
1117 614 1230 679 classes;

313 786 404 877 quod
424 784 563 853 forsitan
583 784 735 853 meminit
761 784 889 853 Plinius
913 784 1035 870 minor,
1061 806 1139 851 cum
1156 784 1247 851 lacus
1270 785 1376 854 Vadi-

314 901 424 969 monis
446 899 572 968 insulas
590 899 794 986 describens,
813 899 925 967 dicit«
946 896 1217 990 Saepeminores
1237 899 1376 967 maiori-

314 1016 390 1102 bus,
408 1015 497 1084 velut
524 1014 703 1105 cymbulae
721 1014 896 1102 onerariis,
921 1015 1156 1083 adhaerescere
1181 1044 1194 1076 i
1220 1025 1247 1096 1;
1270 1032 1328 1084 aut
1343 1015 1376 1082 in

312 1131 369 1198 illo
390 1129 446 1197 ubi
462 1130 587 1198 sensim
611 1128 743 1197 incertis
762 1130 872 1198 adhuc
890 1128 1045 1220 partibus
1068 1130 1288 1197 transmutari
1304 1152 1376 1197 coe-

313 1247 362 1337 pit
376 1247 503 1336 puella,

471 1480 518 1494 .....
532 1441 613 1492 Velut
625 1440 653 1490 in
667 1440 751 1499 niveo,
765 1451 854 1490 tenera
868 1450 907 1490 est
921 1456 982 1490 curn
999 1441 1140 1506 primitus,
1155 1457 1205 1492 ovo

469 1529 580 1594 Effigies
594 1528 739 1578 animantis
754 1538 779 1577 et
795 1528 946 1578 internodia
964 1529 1094 1579 membris

469 1617 623 1684 Imperfecta
639 1632 709 1666 novo
724 1615 830 1666 fluitant
845 1628 964 1667 concreta
979 1618 1081 1679 calore;

315 1837 346 1889 et
381 1819 492 1888 omnis
525 1841 565 1886 ex
603 1816 718 1886 ordine
743 1816 981 1908 transmutatio
1012 1815 1164 1884 versibus
1198 1819 1376 1908 exponitur

314 1934 471 2024 quicum
491 1932 605 2002 Ovidii
620 1932 786 2000 similibus
807 1931 888 1998 locis
907 1952 976 1999 non
999 1931 1170 2000 immerito
1196 1931 1374 2000 conseran-
1418 1918 1421 1922 ⁵

313 2066 380 2117 tur.
408 2049 441 2116 Is
471 2070 549 2116 vero
567 2046 739 2138 pulchrior
764 2046 864 2114 etiam
890 2047 983 2114 locus
1006 2069 1074 2135 quo
1092 2046 1241 2136 primum
1261 2043 1375 2136 Scylla

312 2163 535 2231 dormientem
561 2180 691 2251 patrem
710 2161 957 2251 deprehendere
977 2179 1119 2238 conatur
1142 2187 1149 2231 :
1175 2161 1237 2230 hos
1260 2183 1375 2229 versus

316 2278 460 2368 Vergilio
475 2295 533 2346 aut
547 2277 680 2346 Catullo
699 2299 765 2345 non
780 2277 934 2367 indignos
951 2276 1126 2362 iudicares
1144 2277 1251 2344 sinon
1266 2277 1373 2344 multa

311 2394 457 2486 Vergilio
477 2415 508 2464 et
521 2394 653 2464 Catullo
669 2394 807 2462 fuissent
821 2396 967 2481 sublata,

469 2594 577 2659 Iamque
591 2591 656 2642 adeo
671 2591 740 2640 dulci
756 2590 895 2641 devinctus
910 2591 1011 2640 lumina
1025 2606 1121 2641 somno
1138 2597 1157 2654 ²,
1174 2601 1221 2642 etc.

357 2763 423 2835 Sed
436 2766 518 2834 nihil
533 2783 646 2834 nostro
666 2784 736 2835 tam
759 2766 843 2833 bene
868 2755 1024 2834 successit
1038 2789 1140 2855 quam
1165 2788 1244 2835 cum
1264 2765 1372 2832 nutri-

314 2902 387 2949 cem
404 2881 546 2967 induxit,
563 2881 749 2950 confectam
769 2880 870 2967 curis,
886 2881 1109 2972 miseramque
1129 2883 1303 2950 alumnam
1317 2902 1371 2949 re-

314 2997 482 3066 foventem
511 3013 557 3081 et,
573 3016 754 3088 postquam
780 2995 964 3065 nefandum
995 3001 1165 3088 inceptum
1194 2996 1371 3082 audiverit,

312 3111 510 3179 suadentem
530 3128 567 3179 ut
589 3111 711 3179 scelere
730 3112 868 3179 absistat
886 3112 1035 3201 aliasque
1062 3110 1133 3179 vias
1154 3109 1369 3201 experiatur:

310 3249 428 3295 verum
452 3248 604 3295 amorem
631 3226 849 3317 doloremque
878 3250 994 3296 verum
1017 3250 1098 3318 prae
1127 3250 1162 3295 se
1185 3227 1262 3313 fert,
1291 3247 1369 3293 cum

308 3359 482 3430 praesente
502 3363 582 3409 casu
603 3343 713 3410 luctus
733 3360 831 3410 natae
850 3365 910 3433 per
926 3343 1073 3411 eundem
1089 3343 1210 3411 Minoa
1225 3341 1370 3410 amissae

308 3457 343 3524 in
359 3458 474 3552 animo
489 3458 559 3526 eius
572 3476 765 3528 renovatur.
793 3460 888 3527 Haec
908 3460 1095 3550 legentibus
1110 3459 1253 3529 occurrit
1269 3459 1368 3550 Myr·

307 3575 388 3642 rhae
418 3576 550 3661 nutrix3
580 3577 637 3643 sed
661 3576 713 3643 hic
736 3575 847 3644 sobria
866 3575 950 3644 inest
975 3575 1169 3666 simplicitas
1194 3597 1272 3643 cum
1291 3597 1367 3642 sen-

306 3688 484 3755 tentiarum
505 3690 666 3781 gravitate
681 3691 872 3776 coniuncta,
890 3714 957 3780 qua
976 3690 1071 3759 facile
1091 3710 1267 3781 superatur
1283 3688 1368 3760 Ovi-

305 3801 391 3872 dius.

347 3918 510 3988 Ovidium
533 3921 635 3989 etiam
659 3921 692 3990 in
713 3921 834 4009 verbis,
857 3921 980 4010 quibus
1003 3920 1115 4014 Scylla
1140 3922 1367 3990 calamitatem

303 4055 448 4120 suamet
471 4037 598 4106 Minois
621 4038 851 4108 crudelitatem
874 4040 1036 4127 queritur,
1060 4039 1136 4129 quis
1162 4039 1296 4107 aemulo
1311 4059 1366 4106 ce·

338 4255 359 4290 1.
375 4239 412 4288 Pl.
429 4240 497 4299 lun„
516 4239 590 4305 Epi..
605 4240 670 4302 Vlll,
685 4256 728 4289 ao.

308 4315 313 4328 '
332 4347 358 4378 2.
371 4327 442 4377 Ciris
466 4328 597 4378 206-215.

396 4672 1091 5051 *Um
