3140 5072
635 529 817 580 APPENDIX

321 661 388 710 Ecce
402 668 510 724 repente
523 657 595 707 velut
612 656 712 722 patrios
727 656 849 707 imitatus
864 656 982 706 honores

321 748 464 802 Puniceam
481 745 616 796 concussit
631 759 696 809 apex
707 744 734 793 in
747 744 844 794 vertice
856 743 979 807 cristam3

319 844 354 893 At
367 839 456 891 mollis
472 837 561 888 varios
577 835 698 885 intexens
712 835 804 900 pluma
816 835 921 884 colores

319 931 500 981 Marmoreum
517 926 618 975 volucri
631 923 736 975 vestivit
751 923 867 989 tegmine
879 937 986 989 corpus,

321 1020 457 1084 Lentaque
473 1025 614 1082 perpetuas
631 1013 758 1065 fuderunt
773 1012 895 1064 bracchia
910 1025 1021 1078 pennas.

317 1107 383 1158 lnde
396 1106 461 1157 alias
474 1114 563 1171 partes
578 1104 718 1170 minioque
732 1103 832 1154 infecta
845 1104 953 1154 rubenti

316 1198 400 1248 Crura
418 1210 487 1247 nova
502 1193 599 1244 macies
615 1193 729 1244 obduxit
742 1194 865 1259 squalida
878 1194 947 1259 pelle

317 1286 350 1336 Et
370 1284 482 1351 pedibus
496 1284 595 1334 teneris
608 1298 711 1349 ungues
727 1283 821 1333 adfixit
836 1293 938 1332 acutos.

317 1376 350 1426 Et
365 1385 453 1424 tamen
471 1373 523 1423 hoc
535 1372 644 1422 demum
658 1372 769 1424 miserae
784 1385 939 1422 succurrere
952 1380 1028 1436 pacto

318 1463 370 1515 Vix
385 1462 470 1513 fuerat
485 1462 588 1528 placida
603 1461 720 1526 Neptuni
736 1461 851 1526 coniuge
867 1461 990 1527 dignum.

315 1554 471 1620 Numquam
485 1553 557 1603 illam
574 1553 711 1617 posthaec
727 1553 796 1604 oculi
812 1553 900 1604 videre
917 1568 1028 1603 suorum

316 1645 465 1709 Purpureas
480 1642 549 1693 flavo
561 1643 722 1693 retinentem
738 1643 835 1693 vertice
847 1642 934 1704 vittas,

315 1734 376 1784 Non
392 1735 527 1784 thalamus
544 1733 626 1801 Tyrio
639 1734 759 1798 fragrans
771 1732 873 1799 accepit
889 1748 1007 1792 amom0.

318 1821 413 1872 Nullae
428 1821 500 1872 illam
519 1822 594 1872 sedes
609 1838 616 1872 ι
630 1820 696 1887 quid
710 1821 783 1870 enim
803 1836 864 1870 cum
877 1819 985 1870 sedibus
999 1817 1054 1869 illi?

320 1911 395 1970 Quae
408 1911 490 1960 simul
504 1919 534 1960 ut
548 1925 606 1960 sese
621 1926 687 1962 cano
701 1911 734 1962 de
750 1911 856 1977 gurgite
869 1910 946 1960 velox

318 1999 387 2049 Cum
404 1999 497 2050 sonitu
512 1999 544 2049 ad
556 1999 659 2050 caelum
677 1999 853 2050 stridentibus
866 1999 961 2049 extulit
975 1998 1024 2050 alis

318 2087 353 2136 Et
366 2088 482 2138 multum
498 2088 549 2138 late
564 2087 691 2152 dispersit
703 2088 730 2138 in
746 2103 862 2153 aequora
878 2103 966 2138 rorem

317 2175 411 2226 infelix
426 2175 500 2240 virgo
519 2176 699 2242 nequicquam
713 2191 728 2227 a
746 2189 831 2227 morte
842 2185 946 2235 recepta

319 2263 453 2313 incultum
471 2263 537 2312 solis
552 2263 579 2314 in
593 2263 706 2327 rupibus
722 2263 803 2330 exigit
817 2278 920 2322 aevum,

319 2353 442 2418 Rupibus
454 2362 480 2404 et
493 2352 612 2418 scopulis
626 2363 653 2403 et
668 2353 793 2404 litoribus
804 2353 925 2404 desertis.

312 2442 366 2492 Nec
378 2451 467 2492 tamen
488 2442 539 2492 hoc
555 2442 643 2506 ipsum
659 2457 743 2507 poena
759 2442 837 2492 sine:
853 2457 970 2510 namque
984 2442 1063 2491 deum
1080 2455 1134 2503 rex,

317 2531 417 2581 Omnia
430 2530 476 2597 qui
493 2531 618 2596 imperio,
629 2539 722 2596 terras,
737 2545 817 2589 mare,
829 2530 916 2581 sidera
926 2539 1021 2590 versat,

317 2619 477 2668 Commotus
491 2618 568 2668 talem
586 2618 618 2667 ad
632 2634 744 2684 superos
758 2619 869 2668 volitare
881 2618 1008 2683 puellam.

316 2707 386 2760 Cum
404 2717 477 2773 pater
493 2707 639 2759 exstinctus
653 2723 727 2758 caeca
740 2709 791 2758 sub
809 2717 885 2758 nocte
901 2708 1001 2770 lateret,

317 2799 357 2850 llli
370 2813 419 2864 pro
434 2799 531 2866 pietate
546 2815 593 2850 sua
607 2803 682 2862 (nam
700 2815 777 2866 saepe
792 2799 927 2850 nitentum

313 2890 449 2956 Sanguine
467 2899 606 2940 taurorum
622 2891 735 2957 supplex
750 2899 910 2954 resperserat
923 2903 991 2947 aras,

315 2981 397 3046 Saepe
410 2980 489 3031 deum
504 2980 577 3046 largo
590 2981 727 3031 decorarat
739 2995 850 3031 munere
865 2979 951 3044 sedes)

315 3069 441 3120 Reddidit
454 3080 574 3135 optatam
589 3079 690 3121 mutato
703 3084 813 3135 corpore
827 3069 908 3118 vitam

314 3158 440 3225 Fecitque
456 3159 484 3208 in
506 3159 585 3209 terris
597 3159 742 3209 haliaeetos
756 3159 811 3208 ales
827 3169 857 3208 ut
870 3169 940 3209 esset
958 3177 963 3208 :

315 3247 422 3313 Quippe
434 3247 532 3314 aquilis
546 3262 652 3313 semper
666 3248 762 3314 gaudet
776 3247 843 3297 deus
855 3247 900 3298 ille
914 3247 1044 3297 coruscis.

313 3337 381 3388 Huic
396 3352 458 3388 vero
472 3338 594 3398 miserae,
608 3337 737 3404 quoniam
755 3338 881 3387 damnata
892 3337 1004 3388 deorum

316 3426 418 3477 iudicio
431 3426 569 3493 patrisque
583 3437 608 3477 et
622 3426 745 3493 coniugis
759 3438 821 3477 ante
835 3426 940 3485 fuisset.

315 3516 405 3567 infesti
419 3517 543 3582 adposuit
557 3516 650 3567 odium
666 3517 771 3567 crudele
786 3517 912 3584 parentis.

316 3605 440 3670 Namque
458 3613 487 3654 ut
502 3603 528 3653 in
544 3605 663 3655 aetherio
677 3605 818 3672 signorum
833 3605 936 3656 lumine
948 3615 1098 3671 praestans,

316 3695 406 3746 Unum
426 3709 508 3760 quem
522 3694 622 3760 duplici
639 3696 776 3746 stellarum
793 3695 879 3747 sidere
893 3695 959 3754 vidi,

310 3785 437 3848 Scorpius
449 3784 559 3834 alternis
573 3785 673 3834 clarum
689 3784 765 3850 fugat
779 3785 889 3851 Oriona,

314 3874 358 3924 Sic
376 3874 444 3923 inter
456 3889 514 3924 sese
527 3874 613 3924 tristis
628 3875 772 3925 haliaeetos
788 3875 841 3925 iras

316 3963 347 4013 Et
360 3961 425 4014 ciris
441 3963 554 4013 memori
570 3974 675 4013 servant
692 3965 724 4012 ad
740 3964 843 4014 saecula
858 3965 922 4017 fato.

315 4047 491 4118 Quacumque
506 4054 551 4104 illa
565 4055 649 4105 levem
665 4055 772 4122 fugiens
784 4069 853 4108 secat
869 4073 929 4109 aera
945 4061 1050 4125 pennis,

315 4143 380 4194 Ecce
395 4143 524 4194 inimicus
536 4154 611 4194 atrox
627 4160 725 4212 magno
738 4146 851 4198 stridore
867 4165 913 4215 per
927 4165 1006 4201 auras

314 4233 469 4299 insequitur
483 4233 577 4297 Nisus;
591 4249 644 4300 qua
656 4251 684 4285 se
699 4233 749 4286 fert
764 4235 846 4287 Nisus
860 4237 892 4288 ad
906 4252 991 4300 auras,

314 4327 360 4377 llla
375 4328 460 4378 levem
474 4327 579 4392 fugiens
592 4327 689 4392 raptim
709 4338 779 4380 secat
792 4343 851 4378 aera
866 4328 972 4394 pennis.
