3140 5072
541 487 589 536 nu
615 484 782 536 canutus
808 482 904 533 euers
1201 483 1244 552 4¹
1297 553 1300 558 A

190 637 226 688 et
245 616 428 688 concinnos
442 613 475 682 in
494 611 642 682 carmine
656 627 770 680 nostro
783 626 842 677 aut
856 629 1046 698 numquam
1061 626 1120 678 aut
1133 609 1251 677 saltem

191 757 273 804 raro
288 733 492 817 invenimus,
506 746 539 798 et
550 729 626 798 illos
641 726 776 817 quidem
794 747 874 795 casu
892 725 1042 814 quodam
1057 725 1177 794 allatos
1189 747 1251 816 po-

191 851 260 920 tius
274 870 379 940 quam
403 865 474 916 arte
490 845 633 914 effectos.
656 843 889 913 Elocutionem
909 843 1044 933 saepius
1065 844 1201 912 tardant
1221 860 1252 913 et

192 966 386 1056 impediunt
407 961 596 1031 interiectae
615 960 811 1048 sententiae,
827 960 1099 1049 exclamationes,
1113 961 1251 1051 repetita

191 1080 296 1150 verba
313 1079 447 1168 aliaque
467 1075 672 1145 huiusmodi.
701 1075 834 1145 Etenim
853 1075 1094 1144 interiectiones
1108 1098 1251 1145 numero

192 1213 275 1266 sunt
289 1219 347 1265 sex
362 1213 394 1264 et
407 1192 543 1286 viginti,
556 1216 700 1284 quarum
713 1193 897 1263 nonnullae
911 1191 1060 1284 plurium
1071 1213 1248 1282 versuum3

191 1314 284 1383 duae
303 1312 405 1381 etiarn
423 1310 592 1378 notandae
618 1327 696 1378 sunt
723 1309 757 1378 in
773 1330 839 1378 una
866 1309 1029 1395 oratione,
1047 1331 1113 1399 qua
1133 1332 1250 1379 versus

192 1426 469 1517 quattuordecim
488 1424 820 1516 comprehenduntur
834 1450 842 1494 :
858 1447 963 1516 quarn
977 1424 1074 1494 nobis
1088 1424 1183 1495 liceat
1197 1449 1249 1497 re·

191 1547 292 1633 serre,
317 1567 396 1617 curn
410 1566 516 1635 prope
537 1543 666 1632 omnia,
689 1565 775 1634 quae
792 1543 861 1613 iam
877 1543 1079 1631 notavimus,
1095 1543 1175 1614 vitia
1193 1567 1251 1636 pa·

192 1663 274 1732 riter
290 1661 458 1731 exhibeat.
478 1660 543 1728 His
557 1677 670 1728 autem
684 1659 820 1751 incipit:
915 1681 918 1687 ’

352 1885 430 1944 Quod
445 1883 467 1934 si
483 1882 625 1933 mirificum
643 1897 728 1948 genus
742 1897 838 1933 omnes
842 1919 887 1934 .....

349 1973 504 2038 (Mirificum
520 1972 599 2024 saecli
614 1972 694 2022 modo
710 1972 745 2022 sit
758 1971 805 2023 tibi
822 1973 887 2023 velle
899 1971 991 2035 libido)
1007 1983 1024 2024 ¹.

194 2176 245 2246 Ut
279 2174 341 2244 ista
378 2169 603 2256 omittantur,
631 2168 793 2258 quoniam
830 2168 875 2238 ita
909 2187 989 2238 sunt
1026 2191 1183 2263 corrupta
1214 2189 1251 2240 ut

193 2307 282 2363 recte
298 2287 361 2380 legi
379 2303 562 2377 nequeant,
582 2303 696 2355 tamen
719 2305 870 2376 superest
891 2288 1052 2358 sententia
1074 2289 1250 2359 duodecim

192 2425 381 2476 versuum:

348 2630 375 2680 Si
392 2644 435 2680 me
449 2629 501 2678 iarn
517 2643 639 2678 summas
653 2628 787 2694 Sapientia
804 2630 928 2693 panderet
942 2645 1023 2692 arces,

355 2701 487 2779 Quattuor
500 2718 619 2785 antiquis
636 2718 779 2768 heredibus
796 2719 885 2770 addita
899 2735 1020 2784 consors,

349 2810 425 2860 Unde
439 2808 583 2859 hominum
596 2824 699 2860 errores
712 2810 792 2874 longe
806 2809 911 2876 lateque
928 2826 973 2875 per
988 2812 1081 2863 orbem

348 2897 489 2964 Despicere
504 2907 583 2964 atque
594 2898 711 2948 humiles
727 2914 831 2963 possem
846 2910 1018 2952 contemnere
1031 2917 1120 2966 curas3

347 2986 407 3035 Non
425 3000 474 3050 ego
489 2984 604 3034 totalem
618 2999 756 3035 venerarer
772 3000 884 3037 munere
900 2987 956 3046 tali.

347 3074 406 3124 Non
424 3073 548 3139 equidem
561 3074 695 3140 (quamvis
710 3074 845 3125 interdum
861 3076 950 3127 ludere
966 3075 1046 3128 nobis
1152 3113 1160 3130 .

353 3162 384 3212 Et
397 3161 522 3228 gracilem
540 3161 616 3211 molli
629 3161 705 3213 liceat
721 3163 786 3228 pede
798 3163 919 3214 claudere
933 3168 1055 3228 versum),

346 3255 397 3304 Sed
412 3269 511 3320 magno
527 3255 658 3311 intexens.
675 3254 697 3306 si
709 3255 748 3306 fas
762 3264 801 3306 est
812 3256 908 3316 dicere,
923 3257 1012 3322 peplo,

347 3343 440 3402 Qualls
455 3342 609 3393 Erechtheis
620 3343 686 3392 olim
700 3353 819 3408 portatur
832 3344 956 3405 Athenis,

347 3431 440 3482 Debita
454 3447 515 3482 cum
531 3425 616 3482 castae
628 3433 771 3483 solvuntur
786 3443 847 3484 vota
861 3435 1002 3492 Minervae.

346 3521 488 3586 Tardaque
502 3521 622 3571 confecto
637 3523 748 3573 redeunt
759 3522 947 3588 quinquennia
959 3525 1053 3590 lustro,

352 3609 421 3660 Cum
433 3609 499 3660 levis
516 3611 619 3660 alterno
630 3611 769 3678 Zephyrus
783 3613 953 3664 concrebruit
968 3615 1039 3666 Euro

346 3699 379 3750 Et
392 3714 477 3764 prono
494 3701 637 3764 gravidum
653 3700 774 3766 provexit
791 3701 908 3766 pondere
925 3717 1044 3754 currum.

195 3897 246 3964 Ea
260 3911 310 3963 est
330 3894 492 3964 orationis
515 3912 694 3983 structura,
712 3914 746 3965 ut
760 3897 921 3966 sententia
946 3898 1032 3969 finiri
1046 3901 1153 3987 possit
1170 3909 1246 3969 cum

192 4033 290 4080 versu
312 4011 365 4100 18,
387 4012 576 4101 iterumque
600 4033 796 4102 cumversu
820 4035 878 4100 no,
901 4013 964 4084 nisi
985 4015 1084 4084 malis
1102 4038 1181 4085 cutn
1203 4018 1247 4085 23

230 4259 250 4294 r.
263 4244 302 4295 lta
318 4245 382 4295 haec
397 4246 537 4297 traduntur
554 4246 630 4296 libris
647 4261 728 4296 manu
746 4245 859 4310 scriptis,
884 4262 970 4314 neque
988 4248 1052 4299 satis
1066 4250 1144 4300 nobis
1169 4251 1249 4316 quie·

193 4348 274 4400 quant
288 4334 415 4399 probatur
427 4349 520 4384 eorum
534 4350 601 4400 quae
615 4334 786 4385 coniecerunt
799 4334 923 4387 editores.
