3140 5072
758 521 941 569 APPENDIX

443 636 474 685 Et
491 637 605 700 graviter
619 649 715 706 questu
733 641 827 692 Carme
841 644 989 706 complorat
1002 644 1065 693 anili
1082 661 1088 694 ε

441 725 475 774 eO
489 726 556 775 mihi
573 741 644 776 nunc
657 727 754 777 iterum
771 729 884 779 crudelis
900 731 1001 780 reddite
1016 731 1114 794 Minos,

441 815 465 864 Ο
480 816 576 865 iterum
596 825 702 866 nostrae
716 817 806 867 Minos
818 818 926 869 inimice
941 830 1069 881 senectae,

445 901 531 960 Quem
547 919 593 968 per
605 914 634 954 ut
650 905 741 954 aolim
758 917 834 956 natae
851 920 875 957 te
890 917 996 972 propter
1013 908 1127 958 eundem

444 992 521 1041 Hunc
531 1007 607 1042 amor
621 993 729 1044 insanae
745 996 846 1046 luctum
862 1007 977 1062 portaret
988 997 1128 1047 alumnae!

439 1080 512 1130 Tene
527 1096 575 1146 ego
590 1093 643 1132 tam
659 1084 738 1149 longe
753 1096 828 1150 capta
842 1096 922 1152 atque
931 1097 1020 1137 avecta
1038 1087 1157 1155 nequivi,

441 1168 509 1218 Tam
522 1183 600 1236 grave
611 1170 758 1232 servitium,
773 1182 828 1222 tam
843 1174 925 1223 duros
940 1189 1015 1239 passa
1034 1176 1150 1238 labores,

441 1257 570 1324 Ellugere,
587 1271 616 1310 ut
630 1262 722 1311 sistam
737 1263 848 1312 exitium
863 1264 967 1314 crudele
986 1267 1126 1316 meorum?

441 1346 495 1396 lam
514 1346 566 1396 iam
581 1364 629 1399 nec
647 1351 726 1400 nobis
741 1367 825 1416 aequo
842 1353 994 1403 senioribus
1011 1355 1097 1404 ullum

440 1435 535 1486 Vivere
548 1437 587 1486 uti
601 1439 707 1502 cupiam
722 1441 788 1490 vivit
802 1456 896 1505 genus.
916 1441 951 1492 Ut
965 1441 1029 1508 quid
1046 1457 1094 1508 ego
1110 1459 1203 1494 amens

439 1524 478 1574 Te
492 1536 589 1590 erepta,
605 1544 621 1579 o
636 1528 797 1591 Britomarti,
813 1529 863 1578 mei
880 1544 940 1593 spes
955 1545 1007 1580 una
1022 1530 1167 1595 sepulchri,

438 1616 486 1673 Te,
501 1616 663 1675 Britomarti,
679 1616 750 1664 diem
766 1615 840 1680 potui
856 1616 1002 1679 producere
1017 1614 1104 1666 vitae?

440 1706 528 1771 Atque
542 1705 643 1756 utinam
656 1704 733 1754 celeri
749 1721 782 1753 ne
796 1714 901 1754 tantum
917 1715 987 1770 grata
999 1705 1097 1755 Dianae

440 1795 558 1845 Venatus
574 1809 645 1844 esses
659 1793 732 1858 virgo
745 1804 842 1844 sectata
856 1793 986 1853 virorum,

440 1882 539 1932 Gnosia
553 1896 600 1931 nec
616 1881 716 1931 Partho
729 1881 894 1932 contendens
907 1882 1007 1947 spicula
1024 1897 1107 1932 cornu

436 1971 557 2021 Dictaeas
569 1986 659 2036 ageres
672 1971 704 2022 ad
720 1973 842 2036 gramina
860 1983 922 2021 nota
937 1972 1051 2038 capellas
1070 1990 1076 2022 :

437 2059 592 2125 Numquam
607 2069 659 2110 tam
672 2060 771 2110 obnixe
783 2060 890 2126 fugiens
904 2060 1005 2110 Minois
1018 2076 1123 2110 amores

438 2150 564 2215 Praeceps
580 2150 643 2200 aerii
658 2150 764 2214 specula
778 2149 811 2198 de
827 2149 927 2198 montis
942 2149 1030 2199 iisses.

436 2238 512 2290 Unde
525 2239 570 2289 alii
586 2237 688 2302 fugisse
699 2238 789 2288 ferunt
802 2247 828 2287 et
843 2236 956 2287 numina
968 2237 1093 2302 Aphaeae

435 2325 554 2392 Virginis
566 2328 715 2392 adsignant,
729 2328 784 2387 alii,
800 2343 854 2394 quo
871 2328 959 2378 notior
972 2342 1054 2386 esses,

435 2415 594 2481 Dictynnam
609 2417 700 2468 dixere
711 2427 757 2468 tuo
772 2419 805 2468 de
822 2418 932 2468 nomine
949 2418 1052 2467 lunam.

434 2505 495 2555 Sint
512 2506 575 2557 haec
588 2521 649 2557 vera
661 2507 759 2558 velim:
775 2507 841 2557 milri
856 2517 933 2564 certe,
950 2517 1019 2571 nata,
1035 2506 1139 2571 peristi.

436 2594 590 2661 Numquam
605 2611 654 2662 ego
669 2607 694 2647 te
708 2613 815 2647 summo
830 2597 985 2646 volitantem
999 2595 1025 2645 in
1041 2596 1136 2645 vertice
1152 2598 1254 2647 montis

435 2684 574 2748 Hyrcanos
589 2685 658 2735 inter
670 2686 782 2736 comites
798 2700 946 2750 agmenque
958 2685 1074 2734 ferarum

435 2773 605 2838 Conspiciam
620 2789 668 2824 nec
683 2786 708 2825 te
723 2774 875 2824 redeuntem
891 2774 1013 2840 amplexa
1028 2775 1136 2825 tenebo,

434 2861 534 2912 Verum
548 2863 611 2913 haec
625 2875 683 2914 tum
701 2864 779 2914 nobis
791 2863 877 2929 gravia
893 2876 973 2928 atque
988 2863 1099 2928 indigna
1114 2863 1197 2922 fuere,

437 2952 517 3012 Tum,
534 2967 592 3002 mea
605 2953 722 3011 alumna,
737 2953 775 3002 tui
795 2969 855 3002 cum
869 2969 930 3017 spes
943 2953 1044 3018 integra
1060 2964 1180 3003 maneret

437 3040 469 3089 Et
485 3056 535 3090 vox
548 3041 598 3092 ista
612 3057 684 3092 meas
699 3044 818 3092 nondum
832 3042 975 3092 violaverat
991 3057 1077 3091 autes.

436 3128 508 3177 Tene
521 3129 600 3178 etiam
617 3130 733 3179 Fortuna
748 3129 816 3178 mihi
830 3131 944 3179 crudelis
960 3131 1068 3194 ademit,

435 3216 518 3277 Tene,
532 3233 548 3266 o
560 3217 614 3268 sola
632 3233 706 3267 meae
721 3217 825 3267 vivendi
841 3232 920 3267 causa
937 3217 1073 3267 senectae?

433 3307 516 3371 Saepe
530 3318 576 3356 tuo
590 3307 662 3357 dulci
677 3308 855 3374 nequicquam
870 3319 944 3372 capta
959 3323 1065 3372 sopore,

435 3393 504 3444 Cum
518 3407 647 3460 premeret
661 3407 762 3453 natura,
779 3398 846 3446 mori
863 3412 905 3446 me
917 3396 983 3445 velle
997 3396 1098 3461 negavi,

406 3469 412 3484 ⁸
434 3483 469 3533 Ut
484 3483 532 3532 tibi
548 3483 659 3549 Corycio
675 3484 851 3546 glomerarem
865 3484 989 3534 flammea
1002 3486 1067 3536 luto.

433 3574 494 3633 Quo
509 3588 580 3622 nunc
594 3589 646 3631 me,
663 3573 765 3634 infelix,
778 3585 823 3623 aut
835 3589 903 3639 quae
921 3589 963 3623 me
975 3574 1027 3624 fata
1042 3577 1197 3627 reservant?

433 3669 474 3715 An
486 3666 570 3716 nescis
584 3680 637 3731 qua
650 3665 707 3730 lege
721 3665 803 3729 patris
817 3665 849 3714 cle
861 3665 958 3714 vertice
973 3681 1082 3714 summo

433 3760 510 3810 Edita
521 3760 664 3810 candentes
679 3769 811 3824 praetexat
822 3774 939 3825 purpura
952 3774 1042 3817 canos,

431 3849 505 3908 Quae
519 3850 608 3899 tenuis
620 3849 705 3914 patrio
717 3863 777 3913 spes
792 3849 826 3899 sit
839 3864 969 3914 suspensa
984 3847 1095 3914 capillo?

430 3937 457 3987 Si
471 3937 566 3999 nescis,
579 3937 696 4002 aliquam
712 3951 823 4000 possum
839 3951 943 4000 sperare
955 3937 1078 3999 salutern,

430 4027 516 4077 lnscia
528 4025 748 4093 quandoquidem
761 4026 847 4075 scelus
863 4041 891 4074 es
906 4035 999 4075 conata
1013 4024 1158 4074 nefandum
1178 4046 1182 4074 :

429 4117 477 4166 Sin
494 4115 619 4182 estquod
637 4125 737 4180 metuo,
749 4131 795 4180 per
806 4127 839 4176 te,
857 4129 914 4164 mea
928 4115 1044 4174 alumna,
1062 4125 1192 4182 tuumque

429 4205 574 4270 Expertum
591 4203 682 4254 multis
697 4203 809 4253 miserae
822 4202 889 4252 mihi
905 4204 984 4252 rebus
999 4217 1130 4265 amorem,

431 4293 535 4343 Perdita
550 4307 624 4342 saeva
639 4307 730 4356 precor
749 4307 795 4356 pet
810 4291 913 4341 lumina
930 4301 953 4340 te
968 4291 1103 4357 llitlryiae,

428 4383 468 4433 Ne
483 4393 587 4433 tantum
601 4382 705 4432 facinus
719 4394 773 4434 tam
790 4383 861 4432 nulla
873 4391 960 4431 mente
978 4383 1108 4447 sequaris.
