3134 5082
568 511 617 560 DE
643 509 810 560 CARMlNE
836 507 932 559 ClRlS

376 635 449 686 Tum
464 648 540 685 coma
554 633 666 684 Sidonio
680 633 779 684 florens
789 633 921 684 deciditur
938 643 1025 696 ostr0;

373 724 445 774 Tum
460 723 563 790 capitur
578 712 683 787 Megara
696 733 722 772 et
732 723 825 773 divum
839 737 969 788 responsa
983 721 1138 788 probantur,

372 813 442 862 Tum
460 824 590 877 suspensa
608 825 678 861 novo
691 811 744 862 ritu
758 812 790 861 de
805 811 918 862 navibus
933 810 995 861 altis

373 904 421 953 Per
435 915 509 951 mare
522 901 673 952 caeruleum
689 901 804 950 trahitur
817 901 908 951 Niseia
922 901 999 966 virgo
1013 910 1030 951 ¹.

261 1099 380 1169 Multis
394 1099 469 1168 aliis
483 1099 518 1167 in
536 1097 617 1167 locis
630 1120 736 1189 aeque
751 1119 951 1167 communes
965 1114 1046 1167 sunt
1059 1096 1194 1188 utrique
1208 1118 1278 1166 car-

215 1213 300 1283 mini
324 1239 441 1285 versus
465 1216 517 1285 vel
541 1237 699 1285 versuum
723 1216 918 1306 particulae.
945 1214 1102 1304 Quorum
1127 1215 1277 1284 locorum

216 1353 295 1400 cum
317 1329 505 1422 frequentia
527 1349 602 1400 tunt
632 1331 776 1400 varietas
799 1355 866 1400 non
891 1332 1065 1401 fortuitam
1088 1331 1277 1400 similitudi·

216 1470 309 1534 nem,
323 1448 383 1517 sed
402 1448 592 1539 quaesitam
607 1464 639 1516 et
662 1447 870 1518 elaboratam
889 1448 984 1516 illam
1009 1427 1180 1517 declarant
1200 1445 1276 1515 imi·

214 1564 391 1651 tationem,
405 1587 473 1654 qua
488 1565 666 1655 magistros
680 1565 865 1655 exspoliare
880 1565 989 1634 solent
1004 1565 1171 1656 discipuli.

260 1681 363 1750 Nunc
384 1679 487 1749 verba
516 1680 589 1770 ipsa
622 1697 654 1749 et
676 1679 755 1749 inde
779 1679 914 1770 saepius
936 1702 1098 1750 numeros
1123 1680 1276 1751 Catullus

215 1796 418 1888 suppeditat,
437 1795 526 1865 unde
540 1795 628 1864 furta
642 1811 780 1886 pateant
799 1795 862 1864 hoc
878 1795 983 1864 modo
1000 1820 1008 1864 :
1239 1795 1241 1800 ’

369 2021 513 2088 Cecropius
528 2035 623 2072 suaves
637 2021 784 2085 exspirans
799 2021 925 2072 hortulus
938 2035 1024 2072 auras.

983 2111 1058 2174 (Cin,
1073 2111 1106 2173 3.)

370 2229 452 2296 Regia
467 2244 547 2296 quam
563 2243 657 2280 suaves
674 2227 822 2293 exspirans
834 2238 923 2278 castus
940 2228 1036 2278 odores

371 2321 496 2371 Lectulus
509 2328 528 2369 ¹.

979 2405 1057 2471 (Cat,
1073 2406 1163 2471 LlllV,
1174 2407 1228 2473 87.)

368 2525 438 2578 Haec
453 2532 540 2576 tamen
552 2525 654 2575 interea
670 2538 738 2592 quae
751 2537 904 2589 possumus,
921 2523 950 2574 in
965 2523 1066 2589 quibus
1080 2525 1136 2575 aevi

370 2614 459 2666 Prima
473 2616 626 2666 rudimenta
641 2624 666 2666 et
673 2614 780 2680 'primos
794 2615 934 2680 exegimus
949 2629 1036 2666 annos

368 2705 468 2770 Accipe
482 2705 562 2756 dona.

346 2777 347 2780 ’
982 2793 1128 2860 (ctr.,4s.)

369 2909 447 2960 Nunc
460 2915 547 2960 tamen
561 2910 662 2960 interea
677 2909 764 2974 prisco
781 2923 849 2974 quae
864 2923 938 2958 more
956 2920 1095 2974 parentum

431 2998 541 3051 Tradita
553 3007 618 3048 sunt
629 2998 719 3047 tristes
734 3011 847 3046 munera
862 2997 894 3046 ad
908 2995 1016 3046 inferias

367 3089 474 3155 Accipe.

904 3176 981 3237 (Cat.
994 3177 1039 3235 Cl,
1056 3194 1081 3243 7,
1097 3184 1131 3245 9.)

367 3297 402 3347 At
417 3309 510 3348 roseus
525 3296 614 3347 medio
630 3296 758 3363 surgebat
771 3293 869 3344 vertice
883 3293 976 3344 crinis.
1027 3311 1029 3317 ’

898 3381 976 3446 (cte,
996 3385 1071 3447 tea.)

368 3505 402 3556 At
417 3519 508 3555 roseae
523 3504 601 3554 niveo
618 3504 731 3567 (annoso
747 3501 850 3566 niveae)
863 3499 1014 3550 residebant
1030 3499 1127 3551 vertice
1140 3499 1229 3552 vittae.

999 3589 1079 3653 (Cat,
1092 3588 1181 3648 LXlV‚
1199 3589 1272 3657 309.)

364 3710 473 3775 lamque
485 3708 551 3759 adeo
565 3707 636 3758 dulci
652 3705 793 3758 devinctus
808 3705 911 3754 lumina
925 3719 1030 3754 somno.

1016 3793 1089 3855 (Cin,
1104 3793 1178 3860 206.)

366 3917 420 3967 Aut
433 3925 464 3965 ut
480 3929 537 3965 eam
558 3913 648 3981 [tristi]
662 3913 813 3963 devinctam
827 3911 933 3962 lumina
947 3926 1054 3962 somne.

969 4001 1046 4064 (Cat,
1062 3999 1153 4060 LXlV,
1170 4003 1240 4066 122.)

244 4173 438 4240 1.Ciris.387.

240 4279 266 4314 2.
283 4265 343 4315 Non
359 4277 586 4329 supervacaneum
605 4261 709 4313 videtur
730 4261 940 4312 animadvertere
959 4259 985 4308 in
1007 4269 1121 4327 utroque
1140 4263 1198 4313 loco
1219 4279 1269 4314 no-

208 4369 270 4406 men
289 4355 412 4422 usurpari
429 4354 502 4420 quod
518 4353 688 4404 deminutum
705 4363 823 4402 vocetur.
