3140 5072
561 491 609 540 DE
634 489 800 540 CARMlNE
826 489 923 538 ClRlS

210 620 277 688 nisi
293 617 472 708 legendum
489 633 538 686 est
552 615 665 706 potius
684 640 691 684 :

265 874 267 881 Ι
369 811 482 874 Perdita,
496 825 572 860 saeva
584 825 675 875 precor
690 823 736 874 per
749 807 855 859 lumina
871 819 897 859 te
911 809 1032 874 Ilithyae.

216 985 291 1052 lam
306 982 340 1050 in
355 1003 418 1048 usu
433 979 610 1049 elisionum
625 978 782 1047 nihilfere
796 978 882 1046 inter
895 1001 929 1047 se
942 977 1099 1047 differunt
1114 994 1226 1048 noster
1240 996 1273 1048 et

211 1097 393 1190 Vergilius.
411 1096 579 1186 Vergilius
594 1094 712 1163 enimc
729 1095 764 1162 in
779 1094 889 1184 primo
901 1093 1070 1164 Aeneidos
1086 1095 1180 1190 cuius
1195 1112 1274 1164 sunt

212 1241 329 1287 versus
358 1215 549 1300 DCCLVl,
565 1213 649 1283 elisit
672 1215 808 1304 longam
829 1214 981 1282 vocalem
1002 1213 1148 1304 octogies
1172 1211 1272 1302 quin-

212 1334 324 1424 quies,
338 1332 371 1400 in
393 1353 425 1398 m
446 1330 638 1400 exeuntium
658 1329 819 1420 nonagies
841 1330 975 1419 septies,
993 1330 1129 1398 brevem
1150 1327 1274 1397 centies

214 1446 440 1538 septuagesies
457 1463 507 1514 ter
525 1456 532 1487 ¹
550 1473 581 1512 u.
605 1445 648 1512 ln
664 1443 747 1530 Ciri,
761 1443 855 1512 cuius
874 1462 953 1512 sunt
973 1453 1087 1512 versus
1107 1443 1273 1530 DXLXI,

213 1566 307 1634 elisio
318 1565 355 1633 fit
368 1564 470 1633 semel
491 1578 523 1631 et
537 1561 722 1646 ducenties,
742 1563 862 1651 longae
886 1562 1011 1630 vocalis
1028 1562 1130 1630 semel
1145 1577 1177 1630 et
1191 1583 1273 1651 qua-

211 1681 358 1770 dragies,
378 1681 496 1768 longae
515 1699 593 1746 cum
614 1677 707 1745 brevi
730 1693 861 1766 quater,
881 1699 914 1744 v.
938 1677 960 1744 6
979 1679 1077 1769 longe
1099 1677 1206 1764 aliud,
1229 1679 1272 1747 56

215 1799 314 1886 longe
328 1795 407 1882 alia,
425 1815 486 1880 241
506 1793 637 1884 quodsi
653 1792 732 1878 atio,
748 1792 817 1880 418
840 1814 908 1860 non
924 1793 1080 1883 equidem
1092 1815 1147 1863 me
1161 1794 1228 1862 alio
1243 1806 1279 1863 ²..

257 1911 359 2000 Quod
378 1911 422 1980 ad
441 1909 688 2000 monosyllaba,
702 1907 781 1976 satis
795 1909 901 1977 multa
916 1925 996 1977 sunt
1010 1909 1104 1997 elisa,
1118 1911 1210 1978 nulla
1224 1928 1273 1995 ta·

215 2051 293 2098 men
307 2027 369 2096 nisi
382 2049 470 2117 quae
482 2025 529 2095 ita
543 2025 643 2094 etiam
656 2025 747 2116 apud
760 2024 1031 2115 diligentissimos
1050 2043 1166 2116 poetas
1179 2049 1273 2116 repe-

215 2141 360 2229 riuntur,
385 2163 506 2232 nempe
535 2170 549 2202 t
571 2162 640 2225 me,
658 2156 703 2226 te,
719 2162 767 2226 se,
786 2161 842 2226 ne,
858 2139 898 2226 si,
915 2156 1000 2226 tam,
1019 2142 1076 2230 qui
1098 2141 1271 2232 (singulari

217 2259 321 2326 modo
337 2257 378 2325 sit
398 2256 553 2346 numero)
572 2283 585 2316 n
605 2272 637 2324 et
651 2255 789 2322 forsitan
812 2281 829 2316 «
845 2252 958 2344 quae3
976 2281 1006 2324 a.
1021 2254 1182 2324 Ceterum
1202 2279 1270 2325 non

212 2373 313 2464 pauci
325 2389 403 2441 sunt
412 2395 528 2440 versus
542 2370 898 2461 elisionibuspluribus
912 2371 1094 2461 etquidem
1107 2373 1269 2442 audacio·

178 2509 183 2522 '
213 2489 306 2558 ribus
316 2489 520 2579 asperiores3
531 2487 674 2577 exempli
684 2486 791 2578 gratia
805 2487 865 2554 hos
878 2487 1112 2576 producimus,
1123 2483 1274 2576 quorum'

211 2607 294 2674 alter
307 2624 374 2674 tres
390 2604 526 2696 praebet
540 2602 707 2690 elisiones,
718 2605 803 2671 alter
814 2620 998 2672 extremam
1011 2602 1178 2694 syllabam
1191 2603 1269 2672 -fere

212 2721 344 2790 iambici
361 2720 454 2790 verbi
468 2721 559 2790 brevi
573 2743 715 2810 sequens
726 2721 869 2789 verbum
883 2720 1059 2810 incipiente
1074 2720 1193 2789 elisam
1216 2743 1223 2785 :

365 2919 453 2982 Atque
463 2915 567 2979 aliquos
579 2925 668 2965 tamen
681 2930 738 2966 esse
748 2915 814 2966 velis
823 2915 881 2978 tibi,
897 2916 1014 2979 alumna,
1030 2915 1150 2977 Penates,

363 3004 419 3053 lloc
434 3020 520 3054 unum
532 3003 613 3054 exitio
627 3004 703 3054 docta
717 3013 796 3070 atque
811 3013 917 3070 experta
931 3004 1059 3054 monebo.

288 3075 293 3080 '
947 3093 1023 3157 (cir,
1040 3092 1101 3158 331,
1119 3069 1191 3156 3322)

257 3263 330 3330 lam
351 3284 505 3330 caesuras
520 3261 808 3330 considerantibus
823 3261 997 3352 apparebit
1018 3280 1173 3331 nostrum
1193 3285 1265 3344 me-

208 3381 303 3449 dium
318 3379 413 3470 quasi
429 3381 513 3448 inter
527 3379 700 3448 Catullum
713 3397 814 3469 atque
826 3379 1011 3471 Vergilium
1025 3379 1137 3448 fuisse.
1155 3381 1265 3450 Cons-

207 3513 257 3564 tat
271 3513 386 3586 poetas
407 3519 566 3565 romanos
580 3497 663 3565 alios
687 3497 730 3566 ab
753 3498 826 3567 aliis
847 3498 911 3566 hoc
936 3499 1078 3587 differre,
1097 3500 1189 3588 quod
1211 3499 1261 3567 his

134 3627 138 3634 ’
208 3611 329 3700 magis,
356 3612 419 3680 illis
443 3611 555 3680 minus
575 3612 699 3702 placuit
719 3635 875 3682 caesurae
897 3636 991 3701 usus,
1011 3634 1098 3702 quae
1124 3631 1263 3682 vocatur

206 3727 479 3818 penthemimeris
506 3746 537 3797 et
573 3747 648 3820 post
670 3731 772 3798 arsim
799 3730 883 3799 tertii
917 3731 1010 3820 pedis
1042 3730 1171 3799 incidit.
1209 3731 1261 3799 lta

211 3873 227 3906 «
247 3844 413 3934 Vergilius
429 3845 462 3913 in
481 3845 615 3937 Eclogis
637 3869 657 3914 a
679 3847 787 3936 prima
801 3846 844 3914 ad
863 3846 1017 3936 quintam
1032 3846 1166 3936 (habent
1190 3869 1262 3914 me-

216 4090 221 4098 r
241 4083 262 4116 r.
279 4066 308 4118 L.
327 4066 446 4128 Mueller,
459 4067 500 4118 De
514 4080 544 4116 re
555 4073 625 4129 mea,
638 4083 663 4133 p.
676 4068 739 4120 282.

237 4171 263 4207 a.
282 4156 323 4206 Cl.
338 4156 493 4222 Hertzberg,
511 4157 608 4222 Praef.
621 4157 658 4206 ad
672 4157 758 4208 Circ'n.
840 4218 842 4224 Ι
879 4223 882 4226 y

239 4247 264 4298 3.
280 4247 359 4312 Ciris,
378 4247 439 4312 257,
458 4245 592 4310 318,418,
610 4261 672 4310 441,
687 4245 746 4308 326,
762 4244 824 4310 328,
837 4245 898 4306 216,
915 4245 976 4308 380,
996 4244 1055 4305 301,
1070 4245 1131 4308 521,
1149 4247 1259 4317 alonge

205 4338 278 4388 aliud
292 4336 413 4389 studium
424 4345 504 4402 atque
519 4335 586 4386 allos
602 4335 689 4402 [quae]
705 4336 820 4388 accincta
833 4337 948 4386 labores.
