3140 5072
339 496 388 592 64
681 517 729 566 na
755 515 922 568 citamur
948 515 1045 568 enus

339 643 604 712 damnaturum
635 638 748 709 fabula
773 641 1004 732 progreditur,
1031 642 1089 712 sed
1119 641 1211 712 iuxta
1243 645 1398 715 collocari

337 757 429 827 dicas
453 755 586 824 tabulas
610 755 656 824 ita
682 754 800 845 pictas,
820 774 857 824 ut
879 755 913 824 in
937 755 1075 848 singulis
1100 757 1225 848 aliquid
1253 759 1399 830 emineat

337 870 519 962 conspicui,
548 872 640 961 quod
666 871 781 940 oculos
800 887 832 939 et
852 871 998 941 novitate
1026 889 1059 941 et
1085 873 1263 964 splendore
1287 896 1400 965 praes-

335 988 469 1080 tringat.
501 987 595 1058 Haec
627 1007 676 1058 est
703 1011 919 1082 magnorum,
938 989 1029 1059 velut
1061 989 1245 1082 Apollonii,
1275 991 1398 1062 carmi·

334 1126 436 1192 num,
450 1105 570 1175 eadem
579 1123 628 1175 est
640 1105 864 1174 minimorum
876 1103 973 1193 ratio,
984 1125 1151 1196 quantum
1165 1129 1205 1176 ex
1215 1128 1255 1176 eo
1265 1095 1397 1178 Mo'schi

334 1222 425 1312 quod
456 1239 607 1313 superest
636 1222 758 1315 epyllio
787 1223 861 1292 licet
893 1221 1050 1294 iudicare.
1079 1223 1139 1293 Ille
1167 1222 1259 1293 enim
1286 1221 1397 1314 pictu-

332 1358 388 1406 ras
419 1337 556 1429 picturis
581 1338 754 1410 continuat
785 1363 795 1409 ι
830 1338 978 1432 primum
1016 1339 1169 1430 Europes
1197 1337 1397 1409 dormientis

333 1452 506 1523 somnium
531 1453 700 1541 describit,
715 1453 835 1524 deinde
850 1455 883 1524 in
904 1455 998 1526 litore
1013 1454 1221 1525 lascivientes
1245 1455 1394 1546 puellas3

331 1587 419 1657 tum,
433 1587 615 1662 postquam
625 1569 760 1662 triginta
775 1570 927 1641 versibus
942 1569 1092 1663 depinxit
1101 1556 1239 1663 virginis
1251 1593 1395 1642 aureum

331 1686 465 1774 fiscum,
486 1685 604 1755 ordine
623 1702 778 1755 numerat
791 1685 890 1756 flores
903 1709 989 1776 quos
1008 1685 1043 1755 in
1064 1703 1161 1777 prato
1177 1687 1315 1780 legunt,
1340 1711 1394 1759 se-

330 1817 481 1891 quuntur
504 1823 642 1892 prorsus
667 1801 756 1872 tauri
777 1801 912 1894 effigieS,
941 1801 1172 1894 Nereidesque
1190 1825 1270 1873 cum
1295 1805 1392 1896 Nep·

329 1933 411 1986 tuno
424 1915 688 2008 Tritonibusque
706 1933 836 1987 vectam
855 1938 915 2008 per
938 1917 1047 1988 undas
1070 1919 1229 2008 Europen
1243 1936 1393 1990 contem·

328 2033 484 2126 plantes,
512 2051 545 2104 et
572 2034 720 2103 insidens
750 2051 849 2103 tauro
878 2034 991 2124 puella
1017 2052 1117 2125 atque
1149 2035 1257 2105 altera
1284 2057 1391 2106 manu

328 2167 445 2221 tenens
458 2173 578 2241 cornu,
598 2151 701 2220 altera
715 2166 840 2219 vestem
861 2171 1067 2240 purpuream
1095 2149 1291 2240 sublevans,
1308 2152 1392 2222 dum

327 2269 445 2360 peplus
461 2268 524 2338 veli
540 2267 645 2337 instar
664 2288 765 2357 super
783 2267 944 2334 humeros
958 2265 1112 2335 sinuatur
1128 2267 1149 2334 ¹.
1168 2267 1265 2336 ldem
1289 2267 1391 2338 etiam

327 2402 398 2455 arte
427 2385 577 2476 quadam
604 2382 750 2474 picturas
777 2404 817 2451 eo
847 2381 994 2473 disponit
1030 2381 1147 2450 ordine
1172 2401 1208 2452 ut
1236 2403 1391 2474 quaeque

324 2523 429 2593 prope
443 2501 588 2571 similem
611 2499 711 2570 aliam
736 2499 786 2568 vel
801 2499 1006 2568 contrariam
1024 2497 1134 2589 posita
1153 2499 1227 2590 ipsa
1250 2499 1390 2571 clariore

323 2615 421 2707 quasi
446 2613 571 2684 lumine
599 2613 807 2699 illustretur3
835 2627 872 2680 ut
895 2634 915 2680 a
938 2612 1082 2682 Moscho
1109 2612 1244 2703 copiose
1263 2613 1388 2683 descri-

323 2733 413 2802 bitur
442 2732 476 2800 in
508 2752 612 2801 aureo
645 2729 727 2798 fisco
760 2729 799 2798 Io
827 2729 890 2798 sub
918 2729 1026 2821 specie
1053 2729 1211 2799 iuvencae
1244 2748 1389 2822 pontum

322 2847 570 2940 transgrediens
605 2848 744 2938 Nilique
780 2871 860 2918 orae
901 2849 1057 2940 appulsa.
1095 2847 1206 2920 Simili
1248 2852 1388 2922 artificio

321 2963 488 3054 Catullus,
504 2985 583 3033 cum
606 2965 806 3056 tranquillos
827 2965 918 3035 Pelei
943 2989 1077 3036 amores
1098 2967 1188 3036 canit
1208 2985 1241 3037 et
1258 2959 1385 3060 'gaudia

321 3083 445 3174 quibus
468 3083 636 3154 exsultant
660 3083 731 3152 eius
755 3085 866 3174 aedes,
888 3084 972 3154 inter
991 3086 1154 3155 laetantes
1177 3086 1258 3155 deos
1282 3084 1388 3155 homi-

322 3220 473 3298 nesque,
503 3199 586 3268 dum
610 3199 793 3289 pulvinaris
817 3199 980 3269 miracula
1008 3217 1155 3288 enarrat,
1182 3200 1387 3290 Ariadnam,

321 3312 605 3384 vehementissimi
633 3315 758 3384 doloris
797 3333 829 3384 et
859 3317 1042 3385 acerrimae
1070 3315 1238 3407 cupidinis
1270 3317 1386 3386 vivam

321 3429 517 3522 imaginem,
529 3431 574 3500 ita
589 3431 730 3518 inducit,
745 3450 782 3501 ut
796 3431 848 3500 vix
860 3454 947 3520 quae
962 3432 1003 3502 sit
1017 3431 1177 3502 carminis
1193 3454 1272 3522 pars
1285 3455 1385 3522 prae·

321 3544 432 3637 cipua,
449 3567 537 3636 quae
549 3547 723 3616 accesserit
737 3546 881 3616 ornandi
905 3569 1007 3616 causa
1027 3546 1211 3618 discernas.

286 3669 289 3680 '
365 3661 491 3732 Noster
507 3683 585 3731 vero
601 3661 721 3731 eodem
734 3663 958 3754 componendi
973 3683 1106 3755 genere,
1123 3662 1253 3733 minore
1267 3680 1383 3734 tamen

322 3797 400 3846 cum
416 3793 487 3846 arte
501 3794 533 3846 et
548 3777 682 3869 ingenio
702 3800 782 3846 usus
793 3795 856 3865 est,
869 3779 994 3869 quippe
1006 3779 1064 3869 qui
1075 3779 1193 3848 seriem
1204 3777 1306 3849 etiam
1319 3781 1384 3871 pic·

320 3911 472 3962 turarum
485 3892 591 3962 oculis
602 3893 755 3963 subiciat.
778 3894 876 3962 Adeo
889 3894 976 3962 hanc
986 3895 1121 3964 laudem
1133 3912 1383 3988 tantumquae-

320 4030 391 4078 rere
408 4008 552 4098 videtur,
563 4031 630 4101 qua
646 4009 809 4079 industria
820 4009 953 4101 singula
965 4010 1161 4102 pingantur,
1179 4029 1302 4081 utnon
1322 4013 1383 4082 du·

319 4125 473 4196 bitaverit
488 4145 660 4195 secuturos
680 4144 817 4195 eventus
834 4149 900 4194 non
921 4129 1023 4195 semel
1039 4129 1083 4196 ab
1098 4128 1190 4197 initio
1205 4151 1379 4220 praenun-

355 4385 374 4420 ι.
393 4370 602 4430 Mosclr.,Eui·.,
633 4369 710 4432 1-153
739 4369 835 4436 ¹all-373
862 4369 962 4435 37-63;
987 4370 1089 4438 03-71;
1113 4373 1214 4437 76-883
1244 4373 1373 4425 115-130.

462 4706 1144 5030 Rau
