3140 5072
625 496 810 545 Al‘PENDlX

312 621 358 671 1110
373 635 423 686 ego
441 634 513 675 sum.
529 619 627 680 Minos,
642 629 742 669 sacrato
757 617 861 669 foedere
876 619 974 670 coniux

311 708 386 759 Dicta
402 707 451 758 tibi
470 725 476 756 :
494 717 582 756 tamen
599 705 736 761 1111000151
755 722 808 756 non
821 707 928 773 accipis,
941 707 1046 757 adsum.

309 797 439 848 Vinctane
454 806 506 846 tam
525 794 614 860 magni
629 795 741 844 tranabo
756 794 869 861 gurgitis
887 796 987 846 undas?

310 886 407 936 Vincta
420 895 459 934 tot
471 883 597 934 adsiduas
615 882 737 948 pendebo
751 897 783 932 ex
798 883 892 933 ordine
907 885 995 934 luces?

310 976 369 1026 Non
386 973 511 1040 equidem
527 987 570 1022 me
583 972 637 1022 alio
653 987 765 1036 possum
778 973 936 1023 contendere
951 974 1060 1039 dignam

308 1065 456 1132 supplicio,
472 1063 545 1128 quod
563 1061 601 1111 sic
618 1060 730 1127 patriam
744 1077 873 1127 carosque
890 1073 998 1128 penates

309 1154 440 1205 Hostibus
452 1153 605 1220 immitique
619 1153 706 1204 addixi
722 1153 826 1218 ingrata
837 1164 961 1220 tyranno.

307 1246 409 1295 Verum
424 1243 512 1306 istaec,
527 1243 625 1303 Mlnos,
641 1243 702 1293 illos
715 1243 840 1295 scelerata
852 1245 951 1311 putavi,

307 1335 334 1386 Si
353 1346 444 1385 nostra
455 1346 517 1385 ante
529 1334 627 1399 aliquis
642 1334 768 1384 nudasset
784 1333 889 1384 foedera
903 1351 989 1396 casus,

306 1423 443 1484 Facturos,
459 1438 576 1488 quorum
591 1422 705 1487 direptis
719 1423 861 1473 moenibus
876 1424 952 1475 urbis

307 1513 331 1563 Ο
348 1527 396 1577 ego
407 1512 522 1562 crudelis
537 1509 645 1560 flamma
661 1511 770 1560 delubra
786 1511 884 1576 petivi;

306 1605 345 1654 Te
361 1618 424 1654 vero
437 1602 535 1652 victore
551 1601 624 1667 prius
640 1603 680 1651 vel
694 1601 781 1652 sidera
793 1617 887 1652 cursus

307 1696 440 1744 Mutatura
455 1707 519 1742 suos
537 1707 619 1758 quam
637 1702 662 1741 10
673 1691 741 1741 mihi
757 1692 817 1742 talia
829 1704 918 1757 captae

307 1784 451 1834 Facturum
469 1783 561 1833 metui.
579 1783 701 1834 lamiam
719 1785 807 1834 scelus
820 1784 911 1835 omnia
926 1785 1017 1837 vincit.

306 1873 364 1924 Ten
379 1889 428 1939 ego
443 1872 504 1937 plus
517 1873 602 1938 patrio
619 1872 700 1922 dilexi
719 1873 821 1938 perdita
838 1875 935 1940 regno?

304 1962 362 2012 Ten
380 1960 447 2026 ego?
461 1977 509 2011 nec
522 1961 632 2022 mirum,
648 1963 725 2012 vultu
737 1962 845 2028 decepta
860 1964 946 2029 puella

305 2051 339 2102 Ut
352 2051 405 2101 vidi
421 2057 452 2102 111
468 2052 544 2115 perii,
559 2062 588 2102 ut
602 2067 645 2101 010
660 2054 747 2102 malus
763 2053 872 2103 abstulit
887 2068 970 2104 error.

304 2143 365 2192 Non
381 2139 505 2206 equidem
523 2154 555 2189 cx
571 2138 622 2190 isto
640 2141 743 2205 speravi
759 2155 870 2206 corpore
886 2156 965 2206 posse

304 2232 368 2282 Tale
382 2230 485 2280 malum
502 2229 574 2280 nasci
592 2251 597 2279 ι
615 2229 752 2280 formavel
769 2230 856 2280 sidera
871 2230 955 2282 fallas.

302 2322 344 2372 Me
359 2337 414 2371 non
430 2319 535 2370 deliciis
549 2320 697 2369 commovit
712 2319 783 2384 regia
799 2319 881 2380 dives,

301 2412 380 2462 Dives
393 2409 496 2460 curalio
512 2408 599 2473 fragili
617 2419 643 2459 et
660 2408 802 2459 lacrimoso
816 2409 922 2464 electro.

301 2501 343 2550 Mc
358 2515 411 2549 non
426 2499 551 2548 florentes
565 2498 669 2564 aequali
681 2513 792 2563 corpore
807 2499 950 2564 nymphae,

301 2587 362 2638 Non
378 2597 466 2636 metus
481 2585 616 2634 incensam
635 2584 722 2649 potuit
735 2585 848 2634 retinere
859 2586 969 2635 deorum

302 2675 402 2726 Omnia
416 2675 480 2725 vicit
491 2688 568 2724 amor
579 2689 585 2736 ;
598 2673 663 2739 quid
679 2673 752 2723 enim
767 2689 821 2723 non
837 2673 954 2723 vinceret
971 2673 1032 2722 ille?

301 2765 360 2814 Non
379 2763 447 2813 mihi
466 2763 517 2814 iam
535 2762 628 2829 pingui
644 2761 779 2811 sudabunt
794 2773 915 2826 tempora
929 2763 1048 2829 myrrha,

303 2852 428 2904 Pronuba
442 2865 489 2901 nec
506 2860 593 2900 castos
607 2849 732 2899 accendet
747 2849 828 2916 pinus
841 2850 968 2910 honores,

210 2960 213 2965 ·
299 2943 352 2994 Nec
370 2942 452 3009 Libys
466 2940 579 3007 Assyrio
596 2950 731 2990 sternetur
746 2940 859 2990 lectulus
877 2949 959 2989 ostro.

300 3033 373 3083 Vana
390 3046 489 3098 queror
506 3046 573 3080 :nec
587 3046 630 3079 me
645 3029 689 3078 illa
705 3029 814 3095 quidem
831 3029 984 3079 communis
998 3028 1134 3077 alumnam

298 3121 435 3173 Omnibus
452 3118 546 3170 iniecta
560 3119 638 3169 tellus
653 3117 798 3168 tumulabit
815 3118 924 3168 harena.

299 3211 376 3260 Mene
394 3209 464 3259 inter
479 3217 577 3258 matres
594 3207 784 3274 ancillarisque
801 3207 920 3265 maritas,

298 3301 375 3348 Mene
389 3298 455 3348 alias
471 3298 541 3348 inter
555 3297 717 3347 famularum
737 3311 846 3346 munere
861 3296 936 3362 fungi

296 3388 428 3453 Coniugis
440 3397 520 3452 atque
535 3397 604 3445 tuae,
618 3401 805 3453 quaecumque
823 3386 871 3436 erit
885 3386 939 3450 illa,
954 3387 1044 3436 beatae

296 3478 357 3528 Non
372 3477 446 3528 licuit
461 3475 585 3541 gravidos
600 3492 681 3540 penso
695 3476 833 3526 devolvere
849 3475 941 3526 fusos?

297 3569 332 3617 At
346 3566 408 3616 belli
427 3567 520 3616 saltem
536 3566 669 3631 captivam
684 3568 740 3631 lege
761 3565 900 3616 necesses!

297 3656 352 3705 lam
366 3655 436 3705 fesso
453 3655 561 3704 tandem
580 3654 688 3720 fugiunt
705 3655 737 3704 dc
754 3669 864 3719 corpore
880 3654 958 3715 vires,

298 3745 330 3795 Et
347 3753 426 3810 caput
441 3744 537 3794 inflexa
550 3743 653 3794 lentum
669 3743 770 3794 cervice
785 3743 928 3802 recumbit,

295 3835 443 3884 Marmorea
455 3831 577 3882 adductis
590 3833 728 3882 tabescunt
741 3833 865 3882 bracchia
881 3833 968 3883 nodis.

295 3925 449 3988 ,aequoreae
467 3921 572 3985 pristes,
588 3921 719 3970 immania
734 3935 846 3987 corpora
863 3922 947 3986 ponti,

297 4008 421 4073 Undique
434 4006 598 4057 conveniunt
616 4017 640 4056 et
656 4008 749 4072 glauco
764 4007 790 4056 in
805 4007 908 4073 gurgite
921 4009 1022 4059 circum

296 4099 411 4150 Verbere
426 4096 571 4147 caudarum
584 4106 665 4162 atque
678 4095 733 4146 oris
747 4097 907 4146 minitantur
922 4097 1007 4147 hiatu.

298 4190 352 4239 lam
366 4189 473 4240 tandem
487 4206 563 4240 casus
578 4191 731 4255 hominum,
747 4191 800 4241 1001
817 4192 925 4258 respice,
943 4192 1047 4243 Minos!

297 4278 338 4328 Sit
352 4278 417 4328 satis
430 4279 488 4337 hoc,
504 4290 608 4330 tantum
621 4280 736 4344 Scyllam
754 4280 853 4330 vidisse
868 4283 1015 4344 malorum

299 4370 344 4420 Vel
359 4370 413 4419 1010
428 4368 506 4420 fuerit
521 4370 597 4420 nobis
610 4369 672 4418 haec
686 4370 776 4420 debita
792 4370 883 4435 pestis,
