3140 5072
294 509 344 580 44
640 509 689 556 aa
714 505 881 557 canutus
907 506 1003 556 crtus

296 658 313 704 e
333 634 457 724 quibus
480 649 606 723 septem
629 631 686 699 ubi
706 631 838 700 nullum
853 653 976 699 nomen
994 632 1169 722 proprium
1186 631 1355 702 licentiam

295 766 443 831 excusat,
460 770 517 817 sex
538 747 607 833 ubi,
618 764 749 836 praeter
761 746 988 836 spondeorum
1004 747 1268 835 continuitatem,
1282 770 1354 818 cae·

221 840 232 860 ‚
295 889 376 936 sura
391 881 440 935 est
455 862 621 954 inquinto
636 863 733 953 pede.

155 968 161 978 ¹
340 981 496 1074 Syllabas
510 1001 588 1048 vero
602 978 732 1046 licentia
746 980 798 1047 vel
811 978 977 1068 longiores
992 980 1043 1048 vel
1057 969 1226 1048 breviores
1243 979 1354 1046 nullas

294 1096 402 1166 effecit
416 1111 541 1182 noster,
557 1093 620 1162 nisi
640 1115 726 1183 quas
738 1112 770 1163 et
787 1093 964 1185 VergiliuS,
986 1113 1022 1162 ut
1036 1094 1113 1163 cum
1131 1095 1194 1162 hac
1211 1094 1354 1185 synizesi

298 1212 402 1282 utitur
423 1235 432 1282 ε

450 1406 563 1457 Reicere
577 1413 602 1455 et
615 1403 776 1455 indomitam
789 1404 886 1456 virtute
900 1405 1040 1456 retundere
1055 1416 1159 1457 mentes
1175 1417 1192 1456 ¹.

1141 1496 1214 1560 (eir,
1236 1495 1306 1559 118.)

294 1668 341 1735 ·Vi
371 1683 486 1734 autem
513 1686 669 1734 caesurae
707 1664 870 1754 producta
900 1666 1029 1756 syllaba
1060 1667 1164 1757 (quod
1194 1669 1230 1735 fit
1262 1668 1356 1758 apud

303 1783 489 1874 Vergilium
504 1782 571 1850 lere
590 1781 824 1872 quinquagies)
836 1782 870 1851 in
887 1780 1019 1888 Ciriter
1031 1782 1218 1854 invenitur:

452 1976 551 2027 Nullus
566 1977 594 2027 in
607 1992 652 2027 ore
663 1973 745 2024 rubor
762 1977 827 2027 :ubi
838 1977 911 2028 enim
928 1979 1018 2040 rubor,
1034 1980 1121 2029 obstat
1136 1980 1229 2029 amori.

1161 2069 1205 2128 tv.
1228 2069 1295 2130 180.)

449 2182 563 2233 Miratur
577 2191 651 2248 pater
662 2183 785 2235 Oceanus
800 2194 825 2235 et
839 2186 950 2236 candida
962 2186 1072 2253 Tethys.

991 2277 1033 2341 (V·
1047 2275 1119 2342 392)

453 2393 545 2443 lnfesti
561 2395 685 2461 adposuit
697 2395 790 2446 odium
803 2395 907 2446 crudele
919 2395 1045 2460 parentis.

927 2487 971 2550 (V.
987 2486 1058 2546 532.)

343 2680 471 2748 Hiatus
490 2703 569 2749 vero
589 2704 627 2749 ex
648 2703 812 2750 concursu
833 2681 1015 2769 vocalium,
1031 2705 1117 2773 quae
1139 2683 1222 2752 alias
1244 2683 1351 2750 solent

298 2795 331 2862 in
357 2815 462 2862 unam
488 2794 662 2881 conlundi,
690 2795 800 2884 nullus
826 2793 877 2863 hic
902 2812 963 2881 est,
993 2793 1055 2893 nisi
1082 2795 1115 2864 in
1139 2794 1289 2864 versibus
1311 2817 1352 2863 ex

296 2909 444 3002 Vergilio
460 2911 603 2999 sumptis
619 2935 626 2978 :

451 3107 485 3156 Ut
502 3106 565 3165 vidi,
584 3116 611 3156 ut
629 3106 704 3172 perii,
720 3115 749 3156 ut
763 3121 805 3156 me
822 3106 908 3157 malus
920 3107 1119 3160 abstuliterror.

1007 3195 1051 3254 (V.
1071 3195 1142 3260 430.)

450 3311 596 3362 Nereidum
611 3314 688 3364 matri
701 3325 726 3364 et
740 3316 865 3382 Neptuno
876 3316 979 3380 Aegaeo
987 3333 994 3378 ;

881 3406 923 3469 (V-
938 3404 1013 3470 475·l

290 3546 322 3597 er
339 3529 525 3599 forsitanin
544 3531 606 3598 hoc
623 3557 631 3603 :

446 3727 496 3776 Per
510 3738 534 3778 te
549 3743 622 3778 sacra
637 3743 731 3794 precor
744 3747 791 3796 per
805 3730 909 3782 lumina
920 3730 1030 3796 llithyau
1045 3740 1063 3788 ²,

971 3817 1015 3881 (V.
1032 3815 1103 3880 326.)

322 4071 343 4106 r.
462 4054 564 4120 Tityre,
581 4064 717 4119 pascentes
736 4072 749 4106 a
764 4056 875 4108 flumine
891 4059 960 4108 reice
972 4059 1092 4122 capellas.

925 4147 1026 4212 (Verg,
1041 4147 1117 4206 Bur„
1135 4145 1177 4208 lll,
1191 4144 1246 4210 qo.)

320 4279 344 4313 2.
361 4264 398 4313 lta
419 4261 524 4314 codices
538 4262 629 4314 ferunt
646 4279 754 4328 omnes;
782 4278 843 4331 post
864 4267 968 4317 lumina
984 4268 1039 4331 (aut
1057 4267 1179 4323 fluminal
1193 4265 1354 4316 addiderunt

289 4353 406 4404 editores
422 4372 434 4400 u
450 4353 497 4419 qui
513 4373 526 4400 u
536 4341 585 4404 ¹aut
598 4374 611 4401 a
628 4363 654 4403 et
668 4373 691 4412 u,
704 4365 773 4406 aut«
788 4368 812 4406 te
826 4377 847 4407 u.
